1CClientBankExchange
ВерсияФормата=1.03
Кодировка=Windows
Отправитель=Сбербанк Бизнес Онлайн
Получатель=
ДатаСоздания=21.05.2024
ВремяСоздания=15:48:12
ДатаНачала=22.04.2024
ДатаКонца=21.05.2024
РасчСчет=40802810048000010947
СекцияРасчСчет
ДатаНачала=22.04.2024
ДатаКонца=22.04.2024
НачальныйОстаток=68577.96
РасчСчет=40802810048000010947
ВсегоСписано=4889
ВсегоПоступило=0
КонечныйОстаток=63688.96
КонецРасчСчет
СекцияРасчСчет
ДатаНачала=23.04.2024
ДатаКонца=23.04.2024
НачальныйОстаток=63688.96
РасчСчет=40802810048000010947
ВсегоСписано=67263.61
ВсегоПоступило=5000
КонечныйОстаток=1425.35
КонецРасчСчет
СекцияРасчСчет
ДатаНачала=24.04.2024
ДатаКонца=24.04.2024
НачальныйОстаток=1425.35
РасчСчет=40802810048000010947
ВсегоСписано=220369
ВсегоПоступило=630000
КонечныйОстаток=411056.35
КонецРасчСчет
СекцияРасчСчет
ДатаНачала=25.04.2024
ДатаКонца=25.04.2024
НачальныйОстаток=411056.35
РасчСчет=40802810048000010947
ВсегоСписано=383199
ВсегоПоступило=0
КонечныйОстаток=27857.35
КонецРасчСчет
СекцияРасчСчет
ДатаНачала=26.04.2024
ДатаКонца=26.04.2024
НачальныйОстаток=27857.35
РасчСчет=40802810048000010947
ВсегоСписано=259729.02
ВсегоПоступило=565000
КонечныйОстаток=333128.33
КонецРасчСчет
СекцияРасчСчет
ДатаНачала=27.04.2024
ДатаКонца=27.04.2024
НачальныйОстаток=333128.33
РасчСчет=40802810048000010947
ВсегоСписано=607990.27
ВсегоПоступило=590000
КонечныйОстаток=315138.06
КонецРасчСчет
СекцияРасчСчет
ДатаНачала=28.04.2024
ДатаКонца=28.04.2024
НачальныйОстаток=315138.06
РасчСчет=40802810048000010947
ВсегоСписано=0
ВсегоПоступило=0
КонечныйОстаток=315138.06
КонецРасчСчет
СекцияРасчСчет
ДатаНачала=29.04.2024
ДатаКонца=29.04.2024
НачальныйОстаток=315138.06
РасчСчет=40802810048000010947
ВсегоСписано=0
ВсегоПоступило=0
КонечныйОстаток=315138.06
КонецРасчСчет
СекцияРасчСчет
ДатаНачала=30.04.2024
ДатаКонца=30.04.2024
НачальныйОстаток=315138.06
РасчСчет=40802810048000010947
ВсегоСписано=0
ВсегоПоступило=0
КонечныйОстаток=315138.06
КонецРасчСчет
СекцияРасчСчет
ДатаНачала=01.05.2024
ДатаКонца=01.05.2024
НачальныйОстаток=315138.06
РасчСчет=40802810048000010947
ВсегоСписано=0
ВсегоПоступило=0
КонечныйОстаток=315138.06
КонецРасчСчет
СекцияРасчСчет
ДатаНачала=02.05.2024
ДатаКонца=02.05.2024
НачальныйОстаток=315138.06
РасчСчет=40802810048000010947
ВсегоСписано=0
ВсегоПоступило=0
КонечныйОстаток=315138.06
КонецРасчСчет
СекцияРасчСчет
ДатаНачала=03.05.2024
ДатаКонца=03.05.2024
НачальныйОстаток=315138.06
РасчСчет=40802810048000010947
ВсегоСписано=136653.56
ВсегоПоступило=554000
КонечныйОстаток=732484.50
КонецРасчСчет
СекцияРасчСчет
ДатаНачала=04.05.2024
ДатаКонца=04.05.2024
НачальныйОстаток=732484.50
РасчСчет=40802810048000010947
ВсегоСписано=0
ВсегоПоступило=0
КонечныйОстаток=732484.50
КонецРасчСчет
СекцияРасчСчет
ДатаНачала=05.05.2024
ДатаКонца=05.05.2024
НачальныйОстаток=732484.50
РасчСчет=40802810048000010947
ВсегоСписано=0
ВсегоПоступило=0
КонечныйОстаток=732484.50
КонецРасчСчет
СекцияРасчСчет
ДатаНачала=06.05.2024
ДатаКонца=06.05.2024
НачальныйОстаток=732484.50
РасчСчет=40802810048000010947
ВсегоСписано=1348462.42
ВсегоПоступило=1209000
КонечныйОстаток=593022.08
КонецРасчСчет
СекцияРасчСчет
ДатаНачала=07.05.2024
ДатаКонца=07.05.2024
НачальныйОстаток=593022.08
РасчСчет=40802810048000010947
ВсегоСписано=903851.50
ВсегоПоступило=1675620.53
КонечныйОстаток=1364791.11
КонецРасчСчет
СекцияРасчСчет
ДатаНачала=08.05.2024
ДатаКонца=08.05.2024
НачальныйОстаток=1364791.11
РасчСчет=40802810048000010947
ВсегоСписано=950775
ВсегоПоступило=0
КонечныйОстаток=414016.11
КонецРасчСчет
СекцияРасчСчет
ДатаНачала=09.05.2024
ДатаКонца=09.05.2024
НачальныйОстаток=414016.11
РасчСчет=40802810048000010947
ВсегоСписано=0
ВсегоПоступило=0
КонечныйОстаток=414016.11
КонецРасчСчет
СекцияРасчСчет
ДатаНачала=10.05.2024
ДатаКонца=10.05.2024
НачальныйОстаток=414016.11
РасчСчет=40802810048000010947
ВсегоСписано=0
ВсегоПоступило=0
КонечныйОстаток=414016.11
КонецРасчСчет
СекцияРасчСчет
ДатаНачала=11.05.2024
ДатаКонца=11.05.2024
НачальныйОстаток=414016.11
РасчСчет=40802810048000010947
ВсегоСписано=0
ВсегоПоступило=0
КонечныйОстаток=414016.11
КонецРасчСчет
СекцияРасчСчет
ДатаНачала=12.05.2024
ДатаКонца=12.05.2024
НачальныйОстаток=414016.11
РасчСчет=40802810048000010947
ВсегоСписано=0
ВсегоПоступило=0
КонечныйОстаток=414016.11
КонецРасчСчет
СекцияРасчСчет
ДатаНачала=13.05.2024
ДатаКонца=13.05.2024
НачальныйОстаток=414016.11
РасчСчет=40802810048000010947
ВсегоСписано=144389.52
ВсегоПоступило=0
КонечныйОстаток=269626.59
КонецРасчСчет
СекцияРасчСчет
ДатаНачала=14.05.2024
ДатаКонца=14.05.2024
НачальныйОстаток=269626.59
РасчСчет=40802810048000010947
ВсегоСписано=256798
ВсегоПоступило=0
КонечныйОстаток=12828.59
КонецРасчСчет
СекцияРасчСчет
ДатаНачала=15.05.2024
ДатаКонца=15.05.2024
НачальныйОстаток=12828.59
РасчСчет=40802810048000010947
ВсегоСписано=0
ВсегоПоступило=248000
КонечныйОстаток=260828.59
КонецРасчСчет
СекцияРасчСчет
ДатаНачала=16.05.2024
ДатаКонца=16.05.2024
НачальныйОстаток=260828.59
РасчСчет=40802810048000010947
ВсегоСписано=556000
ВсегоПоступило=1479269.79
КонечныйОстаток=1184098.38
КонецРасчСчет
СекцияРасчСчет
ДатаНачала=17.05.2024
ДатаКонца=17.05.2024
НачальныйОстаток=1184098.38
РасчСчет=40802810048000010947
ВсегоСписано=648199
ВсегоПоступило=0
КонечныйОстаток=535899.38
КонецРасчСчет
СекцияРасчСчет
ДатаНачала=18.05.2024
ДатаКонца=18.05.2024
НачальныйОстаток=535899.38
РасчСчет=40802810048000010947
ВсегоСписано=0
ВсегоПоступило=0
КонечныйОстаток=535899.38
КонецРасчСчет
СекцияРасчСчет
ДатаНачала=19.05.2024
ДатаКонца=19.05.2024
НачальныйОстаток=535899.38
РасчСчет=40802810048000010947
ВсегоСписано=0
ВсегоПоступило=0
КонечныйОстаток=535899.38
КонецРасчСчет
СекцияРасчСчет
ДатаНачала=20.05.2024
ДатаКонца=20.05.2024
НачальныйОстаток=535899.38
РасчСчет=40802810048000010947
ВсегоСписано=1186002.79
ВсегоПоступило=1000000
КонечныйОстаток=349896.59
КонецРасчСчет
СекцияРасчСчет
ДатаНачала=21.05.2024
ДатаКонца=21.05.2024
НачальныйОстаток=349896.59
РасчСчет=40802810048000010947
ВсегоСписано=0
ВсегоПоступило=0
КонечныйОстаток=349896.59
КонецРасчСчет
СекцияДокумент=Банковский ордер
Номер=585860
Дата=22.04.2024
Сумма=199
ПлательщикСчет=40802810048000010947
ДатаСписано=22.04.2024
Плательщик=ИНДИВИДУАЛЬНЫЙ ПРЕДПРИНИМАТЕЛЬ НИКИТИН ВЯЧЕСЛАВ ВЯЧЕСЛАВОВИЧ
ПлательщикИНН=583509478600
ПлательщикКПП=
ПлательщикРасчСчет=40802810048000010947
ПлательщикБанк1=ПЕНЗЕНСКОЕ ОТДЕЛЕНИЕ N8624 ПАО СБЕРБАНК, г.Пенза
ПлательщикБИК=045655635
ПлательщикКорсчет=30101810000000000635
ПолучательСчет=70601810948002720302
ДатаПоступило=
Получатель=ПЕНЗЕНСКОЕ ОТДЕЛЕНИЕ N8624 ПАО СБЕРБАНК
ПолучательИНН=7707083893
ПолучательКПП=583402001
ПолучательРасчСчет=70601810948002720302
ПолучательБанк1=ПЕНЗЕНСКОЕ ОТДЕЛЕНИЕ N8624 ПАО СБЕРБАНК, г.Пенза
ПолучательБИК=045655635
ПолучательКорсчет=30101810000000000635
ВидПлатежа=0
ВидОплаты=17
Код=
СтатусСоставителя=
ПоказательКБК=
ОКАТО=
ПоказательОснования=
ПоказательПериода=
ПоказательНомера=
ПоказательДаты=
ПоказательТипа=
Очередность=5
НазначениеПлатежа=Комиссия в другие банки (кредитные организации, Банк России) за ПП/ПТ через ДБО согласно договору РКО №40802810048000010947 от '03/04/2019'. Документы: №20 (4690 RUR  ) от 22/04/24 Без НДС
КонецДокумента
СекцияДокумент=Платежное поручение
Номер=20
Дата=22.04.2024
Сумма=4690
ПлательщикСчет=40802810048000010947
ДатаСписано=22.04.2024
Плательщик=ИНДИВИДУАЛЬНЫЙ ПРЕДПРИНИМАТЕЛЬ НИКИТИН ВЯЧЕСЛАВ ВЯЧЕСЛАВОВИЧ
ПлательщикИНН=583509478600
ПлательщикКПП=
ПлательщикРасчСчет=40802810048000010947
ПлательщикБанк1=ПЕНЗЕНСКОЕ ОТДЕЛЕНИЕ N8624 ПАО СБЕРБАНК, г.Пенза
ПлательщикБИК=045655635
ПлательщикКорсчет=30101810000000000635
ПолучательСчет=40702810100000051167
ДатаПоступило=
Получатель=ПАО "Россети Центр и Приволжье" (филиал ПАО "Россети Центр и Приволжье" - "Тулэнерго")
ПолучательИНН=5260200603
ПолучательКПП=710702001
ПолучательРасчСчет=40702810100000051167
ПолучательБанк1=БАНК ГПБ (АО), г.Москва
ПолучательБИК=044525823
ПолучательКорсчет=30101810200000000823
ВидПлатежа=электронно
ВидОплаты=01
Код=
СтатусСоставителя=
ПоказательКБК=
ОКАТО=
ПоказательОснования=
ПоказательПериода=
ПоказательНомера=
ПоказательДаты=
ПоказательТипа=
Очередность=5
НазначениеПлатежа=Оплата по счету № 711118204 от 18 апреля 2024 г. В том числе НДС 20 % - 781.67 рублей.
КонецДокумента
СекцияДокумент=Банковский ордер
Номер=694279
Дата=23.04.2024
Сумма=199
ПлательщикСчет=40802810048000010947
ДатаСписано=23.04.2024
Плательщик=ИНДИВИДУАЛЬНЫЙ ПРЕДПРИНИМАТЕЛЬ НИКИТИН ВЯЧЕСЛАВ ВЯЧЕСЛАВОВИЧ
ПлательщикИНН=583509478600
ПлательщикКПП=
ПлательщикРасчСчет=40802810048000010947
ПлательщикБанк1=ПЕНЗЕНСКОЕ ОТДЕЛЕНИЕ N8624 ПАО СБЕРБАНК, г.Пенза
ПлательщикБИК=045655635
ПлательщикКорсчет=30101810000000000635
ПолучательСчет=70601810948002720302
ДатаПоступило=
Получатель=ПЕНЗЕНСКОЕ ОТДЕЛЕНИЕ N8624 ПАО СБЕРБАНК
ПолучательИНН=7707083893
ПолучательКПП=583402001
ПолучательРасчСчет=70601810948002720302
ПолучательБанк1=ПЕНЗЕНСКОЕ ОТДЕЛЕНИЕ N8624 ПАО СБЕРБАНК, г.Пенза
ПолучательБИК=045655635
ПолучательКорсчет=30101810000000000635
ВидПлатежа=0
ВидОплаты=17
Код=
СтатусСоставителя=
ПоказательКБК=
ОКАТО=
ПоказательОснования=
ПоказательПериода=
ПоказательНомера=
ПоказательДаты=
ПоказательТипа=
Очередность=5
НазначениеПлатежа=Комиссия в другие банки (кредитные организации, Банк России) за ПП/ПТ через ДБО согласно договору РКО №40802810048000010947 от '03/04/2019'. Документы: №21 (3624.72 RUR  ) от 22/04/24 Без НДС
КонецДокумента
СекцияДокумент=Платежное поручение
Номер=21
Дата=22.04.2024
Сумма=3624.72
ПлательщикСчет=40802810048000010947
ДатаСписано=23.04.2024
Плательщик=ИНДИВИДУАЛЬНЫЙ ПРЕДПРИНИМАТЕЛЬ НИКИТИН ВЯЧЕСЛАВ ВЯЧЕСЛАВОВИЧ
ПлательщикИНН=583509478600
ПлательщикКПП=
ПлательщикРасчСчет=40802810048000010947
ПлательщикБанк1=ПЕНЗЕНСКОЕ ОТДЕЛЕНИЕ N8624 ПАО СБЕРБАНК, г.Пенза
ПлательщикБИК=045655635
ПлательщикКорсчет=30101810000000000635
ПолучательСчет=40702810300000046260
ДатаПоступило=
Получатель=ООО "ГОРВОДОКАНАЛ"
ПолучательИНН=5836623790
ПолучательКПП=583701001
ПолучательРасчСчет=40702810300000046260
ПолучательБанк1=БАНК ГПБ (АО), г.Москва
ПолучательБИК=044525823
ПолучательКорсчет=30101810200000000823
ВидПлатежа=электронно
ВидОплаты=01
Код=
СтатусСоставителя=
ПоказательКБК=
ОКАТО=
ПоказательОснования=
ПоказательПериода=
ПоказательНомера=
ПоказательДаты=
ПоказательТипа=
Очередность=5
НазначениеПлатежа=Оплата согласно договора №9005 от 26.02.2020 г. В том числе НДС 20 % - 604.12 рублей.
КонецДокумента
СекцияДокумент=Платежное требование
Номер=667586
Дата=23.04.2024
Сумма=63439.89
ПлательщикСчет=40802810048000010947
ДатаСписано=23.04.2024
Плательщик=ИНДИВИДУАЛЬНЫЙ ПРЕДПРИНИМАТЕЛЬ НИКИТИН ВЯЧЕСЛАВ ВЯЧЕСЛАВОВИЧ
ПлательщикИНН=583509478600
ПлательщикКПП=
ПлательщикРасчСчет=40802810048000010947
ПлательщикБанк1=ПЕНЗЕНСКОЕ ОТДЕЛЕНИЕ N8624 ПАО СБЕРБАНК, г.Пенза
ПлательщикБИК=045655635
ПлательщикКорсчет=30101810000000000635
ПолучательСчет=30301810948003204400
ДатаПоступило=
Получатель=ПЕНЗЕНСКОЕ ОТДЕЛЕНИЕ N8624 ПАО СБЕРБАНК
ПолучательИНН=7707083893
ПолучательКПП=
ПолучательРасчСчет=30301810948003204400
ПолучательБанк1=ПЕНЗЕНСКОЕ ОТДЕЛЕНИЕ N8624 ПАО СБЕРБАНК, г.Пенза
ПолучательБИК=045655635
ПолучательКорсчет=30101810000000000635
ВидПлатежа=0
ВидОплаты=02
Код=
СтатусСоставителя=
ПоказательКБК=
ОКАТО=
ПоказательОснования=
ПоказательПериода=
ПоказательНомера=
ПоказательДаты=
ПоказательТипа=
Очередность=5
НазначениеПлатежа=Погашение задолженности по договору N 583509478600-23-6 от 23 мая 2023 г. клиент ИНДИВИДУАЛЬНЫЙ ПРЕДПРИНИМАТЕЛЬ НИКИТИН ВЯЧЕСЛАВ ВЯЧЕСЛАВОВИЧ
КонецДокумента
СекцияДокумент=Платежное поручение
Номер=217
Дата=23.04.2024
Сумма=5000
ПлательщикСчет=40802810829170002224
ДатаСписано=
Плательщик=НИКИТИН ВЯЧЕСЛАВ ВЯЧЕСЛАВОВИЧ (ИП)
ПлательщикИНН=583509478600
ПлательщикКПП=0
ПлательщикРасчСчет=40802810829170002224
ПлательщикБанк1=ФИЛИАЛ "НИЖЕГОРОДСКИЙ" АО "АЛЬФА-БАНК", г.Нижний Новгород
ПлательщикБИК=042202824
ПлательщикКорсчет=30101810200000000824
ПолучательСчет=40802810048000010947
ДатаПоступило=23.04.2024
Получатель=НИКИТИН ВЯЧЕСЛАВ ВЯЧЕСЛАВОВИЧ (ИП)
ПолучательИНН=583509478600
ПолучательКПП=
ПолучательРасчСчет=40802810048000010947
ПолучательБанк1=ПЕНЗЕНСКОЕ ОТДЕЛЕНИЕ N8624 ПАО СБЕРБАНК, г.Пенза
ПолучательБИК=045655635
ПолучательКорсчет=30101810000000000635
ВидПлатежа=электронно
ВидОплаты=01
Код=
СтатусСоставителя=
ПоказательКБК=
ОКАТО=
ПоказательОснования=
ПоказательПериода=
ПоказательНомера=
ПоказательДаты=
ПоказательТипа=
Очередность=5
НазначениеПлатежа=ПЕРЕВОД СОБСТВЕННЫХ ДЕНЕЖНЫХ СРЕДСТВ. НДС НЕ ОБЛАГАЕТСЯ
КонецДокумента
СекцияДокумент=Банковский ордер
Номер=816033
Дата=24.04.2024
Сумма=199
ПлательщикСчет=40802810048000010947
ДатаСписано=24.04.2024
Плательщик=ИНДИВИДУАЛЬНЫЙ ПРЕДПРИНИМАТЕЛЬ НИКИТИН ВЯЧЕСЛАВ ВЯЧЕСЛАВОВИЧ
ПлательщикИНН=583509478600
ПлательщикКПП=
ПлательщикРасчСчет=40802810048000010947
ПлательщикБанк1=ПЕНЗЕНСКОЕ ОТДЕЛЕНИЕ N8624 ПАО СБЕРБАНК, г.Пенза
ПлательщикБИК=045655635
ПлательщикКорсчет=30101810000000000635
ПолучательСчет=70601810948002720302
ДатаПоступило=
Получатель=ПЕНЗЕНСКОЕ ОТДЕЛЕНИЕ N8624 ПАО СБЕРБАНК
ПолучательИНН=7707083893
ПолучательКПП=583402001
ПолучательРасчСчет=70601810948002720302
ПолучательБанк1=ПЕНЗЕНСКОЕ ОТДЕЛЕНИЕ N8624 ПАО СБЕРБАНК, г.Пенза
ПолучательБИК=045655635
ПолучательКорсчет=30101810000000000635
ВидПлатежа=0
ВидОплаты=17
Код=
СтатусСоставителя=
ПоказательКБК=
ОКАТО=
ПоказательОснования=
ПоказательПериода=
ПоказательНомера=
ПоказательДаты=
ПоказательТипа=
Очередность=5
НазначениеПлатежа=Комиссия в другие банки (кредитные организации, Банк России) за ПП/ПТ через ДБО согласно договору РКО №40802810048000010947 от '03/04/2019'. Документы: №22 (2000 RUR  ) от 24/04/24 Без НДС
КонецДокумента
СекцияДокумент=Платежное поручение
Номер=22
Дата=24.04.2024
Сумма=2000
ПлательщикСчет=40802810048000010947
ДатаСписано=24.04.2024
Плательщик=ИНДИВИДУАЛЬНЫЙ ПРЕДПРИНИМАТЕЛЬ НИКИТИН ВЯЧЕСЛАВ ВЯЧЕСЛАВОВИЧ
ПлательщикИНН=583509478600
ПлательщикКПП=0
ПлательщикРасчСчет=40802810048000010947
ПлательщикБанк1=ПЕНЗЕНСКОЕ ОТДЕЛЕНИЕ N8624 ПАО СБЕРБАНК, г.Пенза
ПлательщикБИК=045655635
ПлательщикКорсчет=30101810000000000635
ПолучательСчет=03100643000000012600
ДатаПоступило=
Получатель=КОМИТЕТ ИМУЩЕСТВЕННЫХ И ЗЕМЕЛЬНЫХ ОТНОШЕНИЙ АДМИНИСТРАЦИИ ГОРОДА БЕЛГОРОДА
ПолучательИНН=3123282512
ПолучательКПП=312301001
ПолучательРасчСчет=03100643000000012600
ПолучательБанк1=ОТДЕЛЕНИЕ БЕЛГОРОД БАНКА РОССИИ//УФК по Белгородской области, г.Белгород
ПолучательБИК=011403102
ПолучательКорсчет=40102810745370000018
ВидПлатежа=электронно
ВидОплаты=01
Код=0320103789864775168322632
СтатусСоставителя=08
ПоказательКБК=89511301994040000130
ОКАТО=14701000
ПоказательОснования=0
ПоказательПериода=0
ПоказательНомера=0
ПоказательДаты=0
ПоказательТипа=
Очередность=5
НазначениеПлатежа=Выписка ИСОГД. НДС не облагается.
КонецДокумента
СекцияДокумент=Платежное поручение
Номер=984622
Дата=24.04.2024
Сумма=32000
ПлательщикСчет=40802810048000010947
ДатаСписано=24.04.2024
Плательщик=ИНДИВИДУАЛЬНЫЙ ПРЕДПРИНИМАТЕЛЬ НИКИТИН ВЯЧЕСЛАВ ВЯЧЕСЛАВОВИЧ
ПлательщикИНН=583509478600
ПлательщикКПП=
ПлательщикРасчСчет=40802810048000010947
ПлательщикБанк1=ПЕНЗЕНСКОЕ ОТДЕЛЕНИЕ N8624 ПАО СБЕРБАНК, г.Пенза
ПлательщикБИК=045655635
ПлательщикКорсчет=30101810000000000635
ПолучательСчет=
ДатаПоступило=
Получатель=ПАО Сбербанк
ПолучательИНН=7707083893
ПолучательКПП=773601001
ПолучательРасчСчет=
ПолучательБанк1=ПАО Сбербанк, г.Москва
ПолучательБИК=044525225
ПолучательКорсчет=30101810400000000225
ВидПлатежа=электронно
ВидОплаты=01
Код=0
СтатусСоставителя=
ПоказательКБК=
ОКАТО=
ПоказательОснования=
ПоказательПериода=
ПоказательНомера=
ПоказательДаты=
ПоказательТипа=
Очередность=5
НазначениеПлатежа=Выплаты по договорам с физ. лицами (422-ФЗ) по реестру №44 от 24.04.2024 в соответствии с Договором 89054178 от 27.01.2022
КонецДокумента
СекцияДокумент=Платежное поручение
Номер=984613
Дата=24.04.2024
Сумма=186170
ПлательщикСчет=40802810048000010947
ДатаСписано=24.04.2024
Плательщик=ИНДИВИДУАЛЬНЫЙ ПРЕДПРИНИМАТЕЛЬ НИКИТИН ВЯЧЕСЛАВ ВЯЧЕСЛАВОВИЧ
ПлательщикИНН=583509478600
ПлательщикКПП=
ПлательщикРасчСчет=40802810048000010947
ПлательщикБанк1=ПЕНЗЕНСКОЕ ОТДЕЛЕНИЕ N8624 ПАО СБЕРБАНК, г.Пенза
ПлательщикБИК=045655635
ПлательщикКорсчет=30101810000000000635
ПолучательСчет=
ДатаПоступило=
Получатель=ПАО Сбербанк
ПолучательИНН=7707083893
ПолучательКПП=773601001
ПолучательРасчСчет=
ПолучательБанк1=ПАО Сбербанк, г.Москва
ПолучательБИК=044525225
ПолучательКорсчет=30101810400000000225
ВидПлатежа=электронно
ВидОплаты=01
Код=0
СтатусСоставителя=
ПоказательКБК=
ОКАТО=
ПоказательОснования=
ПоказательПериода=
ПоказательНомера=
ПоказательДаты=
ПоказательТипа=
Очередность=5
НазначениеПлатежа=Выплаты по договорам с физ. лицами (422-ФЗ) по реестру №43 от 24.04.2024 в соответствии с Договором 89054178 от 27.01.2022
КонецДокумента
СекцияДокумент=Платежное поручение
Номер=96
Дата=24.04.2024
Сумма=630000
ПлательщикСчет=40702810429170005255
ДатаСписано=
Плательщик=ОБЩЕСТВО С ОГРАНИЧЕННОЙ ОТВЕТСТВЕННОСТЬЮ "ВЕРТИКАЛЬ"
ПлательщикИНН=5838015124
ПлательщикКПП=583801001
ПлательщикРасчСчет=40702810429170005255
ПлательщикБанк1=ФИЛИАЛ "НИЖЕГОРОДСКИЙ" АО "АЛЬФА-БАНК", г.Нижний Новгород
ПлательщикБИК=042202824
ПлательщикКорсчет=30101810200000000824
ПолучательСчет=40802810048000010947
ДатаПоступило=24.04.2024
Получатель=НИКИТИН ВЯЧЕСЛАВ ВЯЧЕСЛАВОВИЧ (ИП)
ПолучательИНН=583509478600
ПолучательКПП=
ПолучательРасчСчет=40802810048000010947
ПолучательБанк1=ПЕНЗЕНСКОЕ ОТДЕЛЕНИЕ N8624 ПАО СБЕРБАНК, г.Пенза
ПолучательБИК=045655635
ПолучательКорсчет=30101810000000000635
ВидПлатежа=электронно
ВидОплаты=01
Код=
СтатусСоставителя=
ПоказательКБК=
ОКАТО=
ПоказательОснования=
ПоказательПериода=
ПоказательНомера=
ПоказательДаты=
ПоказательТипа=
Очередность=5
НазначениеПлатежа=ПОГАШЕНИЕ ЗАДОЛЖЕННОСТИ В СООТВЕТСТВИИ С АКТОМ СВЕРКИ. НДС НЕ ОБЛАГАЕТСЯ
КонецДокумента
СекцияДокумент=Банковский ордер
Номер=911368
Дата=25.04.2024
Сумма=199
ПлательщикСчет=40802810048000010947
ДатаСписано=25.04.2024
Плательщик=ИНДИВИДУАЛЬНЫЙ ПРЕДПРИНИМАТЕЛЬ НИКИТИН ВЯЧЕСЛАВ ВЯЧЕСЛАВОВИЧ
ПлательщикИНН=583509478600
ПлательщикКПП=
ПлательщикРасчСчет=40802810048000010947
ПлательщикБанк1=ПЕНЗЕНСКОЕ ОТДЕЛЕНИЕ N8624 ПАО СБЕРБАНК, г.Пенза
ПлательщикБИК=045655635
ПлательщикКорсчет=30101810000000000635
ПолучательСчет=70601810948002720302
ДатаПоступило=
Получатель=ПЕНЗЕНСКОЕ ОТДЕЛЕНИЕ N8624 ПАО СБЕРБАНК
ПолучательИНН=7707083893
ПолучательКПП=583402001
ПолучательРасчСчет=70601810948002720302
ПолучательБанк1=ПЕНЗЕНСКОЕ ОТДЕЛЕНИЕ N8624 ПАО СБЕРБАНК, г.Пенза
ПолучательБИК=045655635
ПолучательКорсчет=30101810000000000635
ВидПлатежа=0
ВидОплаты=17
Код=
СтатусСоставителя=
ПоказательКБК=
ОКАТО=
ПоказательОснования=
ПоказательПериода=
ПоказательНомера=
ПоказательДаты=
ПоказательТипа=
Очередность=5
НазначениеПлатежа=Комиссия в другие банки (кредитные организации, Банк России) за ПП/ПТ через ДБО согласно договору РКО №40802810048000010947 от '03/04/2019'. Документы: №23 (200000 RUR  ) от 25/04/24 Без НДС
КонецДокумента
СекцияДокумент=Платежное поручение
Номер=193202
Дата=25.04.2024
Сумма=183000
ПлательщикСчет=40802810048000010947
ДатаСписано=25.04.2024
Плательщик=ИНДИВИДУАЛЬНЫЙ ПРЕДПРИНИМАТЕЛЬ НИКИТИН ВЯЧЕСЛАВ ВЯЧЕСЛАВОВИЧ
ПлательщикИНН=583509478600
ПлательщикКПП=
ПлательщикРасчСчет=40802810048000010947
ПлательщикБанк1=ПЕНЗЕНСКОЕ ОТДЕЛЕНИЕ N8624 ПАО СБЕРБАНК, г.Пенза
ПлательщикБИК=045655635
ПлательщикКорсчет=30101810000000000635
ПолучательСчет=
ДатаПоступило=
Получатель=ПАО Сбербанк
ПолучательИНН=7707083893
ПолучательКПП=773601001
ПолучательРасчСчет=
ПолучательБанк1=ПАО Сбербанк, г.Москва
ПолучательБИК=044525225
ПолучательКорсчет=30101810400000000225
ВидПлатежа=электронно
ВидОплаты=01
Код=0
СтатусСоставителя=
ПоказательКБК=
ОКАТО=
ПоказательОснования=
ПоказательПериода=
ПоказательНомера=
ПоказательДаты=
ПоказательТипа=
Очередность=3
НазначениеПлатежа=Денежное вознаграждение по реестру №45 от 25.04.2024 в соответствии с Договором 89054178 от 27.01.2022
КонецДокумента
СекцияДокумент=Платежное поручение
Номер=23
Дата=25.04.2024
Сумма=200000
ПлательщикСчет=40802810048000010947
ДатаСписано=25.04.2024
Плательщик=ИНДИВИДУАЛЬНЫЙ ПРЕДПРИНИМАТЕЛЬ НИКИТИН ВЯЧЕСЛАВ ВЯЧЕСЛАВОВИЧ
ПлательщикИНН=583509478600
ПлательщикКПП=
ПлательщикРасчСчет=40802810048000010947
ПлательщикБанк1=ПЕНЗЕНСКОЕ ОТДЕЛЕНИЕ N8624 ПАО СБЕРБАНК, г.Пенза
ПлательщикБИК=045655635
ПлательщикКорсчет=30101810000000000635
ПолучательСчет=40802810929170010543
ДатаПоступило=
Получатель=ИП КАШКИН ИГОРЬ ОЛЕГОВИЧ
ПолучательИНН=583403489627
ПолучательКПП=
ПолучательРасчСчет=40802810929170010543
ПолучательБанк1=ФИЛИАЛ "НИЖЕГОРОДСКИЙ" АО "АЛЬФА-БАНК", г.Нижний Новгород
ПолучательБИК=042202824
ПолучательКорсчет=30101810200000000824
ВидПлатежа=электронно
ВидОплаты=01
Код=
СтатусСоставителя=
ПоказательКБК=
ОКАТО=
ПоказательОснования=
ПоказательПериода=
ПоказательНомера=
ПоказательДаты=
ПоказательТипа=
Очередность=5
НазначениеПлатежа=Оплата по договору оказания консультационных услуг от 01.02.2024 г. НДС не облагается.
КонецДокумента
СекцияДокумент=Банковский ордер
Номер=12957
Дата=26.04.2024
Сумма=597
ПлательщикСчет=40802810048000010947
ДатаСписано=26.04.2024
Плательщик=ИНДИВИДУАЛЬНЫЙ ПРЕДПРИНИМАТЕЛЬ НИКИТИН ВЯЧЕСЛАВ ВЯЧЕСЛАВОВИЧ
ПлательщикИНН=583509478600
ПлательщикКПП=
ПлательщикРасчСчет=40802810048000010947
ПлательщикБанк1=ПЕНЗЕНСКОЕ ОТДЕЛЕНИЕ N8624 ПАО СБЕРБАНК, г.Пенза
ПлательщикБИК=045655635
ПлательщикКорсчет=30101810000000000635
ПолучательСчет=70601810948002720302
ДатаПоступило=
Получатель=ПЕНЗЕНСКОЕ ОТДЕЛЕНИЕ N8624 ПАО СБЕРБАНК
ПолучательИНН=7707083893
ПолучательКПП=583402001
ПолучательРасчСчет=70601810948002720302
ПолучательБанк1=ПЕНЗЕНСКОЕ ОТДЕЛЕНИЕ N8624 ПАО СБЕРБАНК, г.Пенза
ПолучательБИК=045655635
ПолучательКорсчет=30101810000000000635
ВидПлатежа=0
ВидОплаты=17
Код=
СтатусСоставителя=
ПоказательКБК=
ОКАТО=
ПоказательОснования=
ПоказательПериода=
ПоказательНомера=
ПоказательДаты=
ПоказательТипа=
Очередность=5
НазначениеПлатежа=Комиссия в другие банки (кредитные организации, Банк России) за ПП/ПТ через ДБО согласно договору РКО №40802810048000010947 от '03/04/2019'. Документы:  Документ(ы):; от 26/04/24 №№: 26 (5867.4 RUR  ), 25 (3003
КонецДокумента
СекцияДокумент=Платежное поручение
Номер=26
Дата=26.04.2024
Сумма=5867.4
ПлательщикСчет=40802810048000010947
ДатаСписано=26.04.2024
Плательщик=ИНДИВИДУАЛЬНЫЙ ПРЕДПРИНИМАТЕЛЬ НИКИТИН ВЯЧЕСЛАВ ВЯЧЕСЛАВОВИЧ
ПлательщикИНН=583509478600
ПлательщикКПП=
ПлательщикРасчСчет=40802810048000010947
ПлательщикБанк1=ПЕНЗЕНСКОЕ ОТДЕЛЕНИЕ N8624 ПАО СБЕРБАНК, г.Пенза
ПлательщикБИК=045655635
ПлательщикКорсчет=30101810000000000635
ПолучательСчет=40702810012240002920
ДатаПоступило=
Получатель=АО "ПЕНЗТЕПЛОСНАБЖЕНИЕ"
ПолучательИНН=5836631600
ПолучательКПП=583601001
ПолучательРасчСчет=40702810012240002920
ПолучательБанк1=ФИЛИАЛ "ЦЕНТРАЛЬНЫЙ" БАНКА ВТБ (ПАО), г.Москва
ПолучательБИК=044525411
ПолучательКорсчет=30101810145250000411
ВидПлатежа=электронно
ВидОплаты=01
Код=
СтатусСоставителя=
ПоказательКБК=
ОКАТО=
ПоказательОснования=
ПоказательПериода=
ПоказательНомера=
ПоказательДаты=
ПоказательТипа=
Очередность=5
НазначениеПлатежа=Тепловая энергия за март 2024, Мира 6, счет на оплату №1217 от 01.03.2024 г. В том числе НДС 20 % - 977.90 рублей.
КонецДокумента
СекцияДокумент=Платежное поручение
Номер=24
Дата=26.04.2024
Сумма=23228.94
ПлательщикСчет=40802810048000010947
ДатаСписано=26.04.2024
Плательщик=ИНДИВИДУАЛЬНЫЙ ПРЕДПРИНИМАТЕЛЬ НИКИТИН ВЯЧЕСЛАВ ВЯЧЕСЛАВОВИЧ
ПлательщикИНН=583509478600
ПлательщикКПП=
ПлательщикРасчСчет=40802810048000010947
ПлательщикБанк1=ПЕНЗЕНСКОЕ ОТДЕЛЕНИЕ N8624 ПАО СБЕРБАНК, г.Пенза
ПлательщикБИК=045655635
ПлательщикКорсчет=30101810000000000635
ПолучательСчет=40702810012240002920
ДатаПоступило=
Получатель=АО "ПЕНЗТЕПЛОСНАБЖЕНИЕ"
ПолучательИНН=5836631600
ПолучательКПП=583601001
ПолучательРасчСчет=40702810012240002920
ПолучательБанк1=ФИЛИАЛ "ЦЕНТРАЛЬНЫЙ" БАНКА ВТБ (ПАО), г.Москва
ПолучательБИК=044525411
ПолучательКорсчет=30101810145250000411
ВидПлатежа=электронно
ВидОплаты=01
Код=
СтатусСоставителя=
ПоказательКБК=
ОКАТО=
ПоказательОснования=
ПоказательПериода=
ПоказательНомера=
ПоказательДаты=
ПоказательТипа=
Очередность=5
НазначениеПлатежа=Тепловая энергия за март 2024, Мира 6, счет на оплату №2445 от 31.01.204г. В том числе НДС 20 % - 3871.49 рублей.
КонецДокумента
СекцияДокумент=Платежное поручение
Номер=25
Дата=26.04.2024
Сумма=30035.68
ПлательщикСчет=40802810048000010947
ДатаСписано=26.04.2024
Плательщик=ИНДИВИДУАЛЬНЫЙ ПРЕДПРИНИМАТЕЛЬ НИКИТИН ВЯЧЕСЛАВ ВЯЧЕСЛАВОВИЧ
ПлательщикИНН=583509478600
ПлательщикКПП=
ПлательщикРасчСчет=40802810048000010947
ПлательщикБанк1=ПЕНЗЕНСКОЕ ОТДЕЛЕНИЕ N8624 ПАО СБЕРБАНК, г.Пенза
ПлательщикБИК=045655635
ПлательщикКорсчет=30101810000000000635
ПолучательСчет=40702810012240002920
ДатаПоступило=
Получатель=АО "ПЕНЗТЕПЛОСНАБЖЕНИЕ"
ПолучательИНН=5836631600
ПолучательКПП=583601001
ПолучательРасчСчет=40702810012240002920
ПолучательБанк1=ФИЛИАЛ "ЦЕНТРАЛЬНЫЙ" БАНКА ВТБ (ПАО), г.Москва
ПолучательБИК=044525411
ПолучательКорсчет=30101810145250000411
ВидПлатежа=электронно
ВидОплаты=01
Код=
СтатусСоставителя=
ПоказательКБК=
ОКАТО=
ПоказательОснования=
ПоказательПериода=
ПоказательНомера=
ПоказательДаты=
ПоказательТипа=
Очередность=5
НазначениеПлатежа=Тепловая энергия за февраль 2024, Мира 6, счет на оплату №1566 от 29.02.2024 г. В том числе НДС 20 % - 5005.95 рублей.
КонецДокумента
СекцияДокумент=Платежное поручение
Номер=534204
Дата=26.04.2024
Сумма=200000
ПлательщикСчет=40802810048000010947
ДатаСписано=26.04.2024
Плательщик=ИНДИВИДУАЛЬНЫЙ ПРЕДПРИНИМАТЕЛЬ НИКИТИН ВЯЧЕСЛАВ ВЯЧЕСЛАВОВИЧ
ПлательщикИНН=583509478600
ПлательщикКПП=
ПлательщикРасчСчет=40802810048000010947
ПлательщикБанк1=ПЕНЗЕНСКОЕ ОТДЕЛЕНИЕ N8624 ПАО СБЕРБАНК, г.Пенза
ПлательщикБИК=045655635
ПлательщикКорсчет=30101810000000000635
ПолучательСчет=
ДатаПоступило=
Получатель=ПАО Сбербанк
ПолучательИНН=7707083893
ПолучательКПП=773601001
ПолучательРасчСчет=
ПолучательБанк1=ПАО Сбербанк, г.Москва
ПолучательБИК=044525225
ПолучательКорсчет=30101810400000000225
ВидПлатежа=электронно
ВидОплаты=01
Код=0
СтатусСоставителя=
ПоказательКБК=
ОКАТО=
ПоказательОснования=
ПоказательПериода=
ПоказательНомера=
ПоказательДаты=
ПоказательТипа=
Очередность=3
НазначениеПлатежа=Денежное вознаграждение по реестру №46 от 26.04.2024 в соответствии с Договором 89054178 от 27.01.2022
КонецДокумента
СекцияДокумент=Платежное поручение
Номер=59
Дата=26.04.2024
Сумма=565000
ПлательщикСчет=40702810648000016218
ДатаСписано=
Плательщик=ООО "Юникс"
ПлательщикИНН=5835084810
ПлательщикКПП=583601001
ПлательщикРасчСчет=40702810648000016218
ПлательщикБанк1=ПЕНЗЕНСКОЕ ОТДЕЛЕНИЕ N8624 ПАО СБЕРБАНК, г.Пенза
ПлательщикБИК=045655635
ПлательщикКорсчет=30101810000000000635
ПолучательСчет=40802810048000010947
ДатаПоступило=26.04.2024
Получатель=ИП НИКИТИН ВЯЧЕСЛАВ ВЯЧЕСЛАВОВИЧ
ПолучательИНН=583509478600
ПолучательКПП=
ПолучательРасчСчет=40802810048000010947
ПолучательБанк1=ПЕНЗЕНСКОЕ ОТДЕЛЕНИЕ N8624 ПАО СБЕРБАНК, г.Пенза
ПолучательБИК=045655635
ПолучательКорсчет=30101810000000000635
ВидПлатежа=электронно
ВидОплаты=01
Код=
СтатусСоставителя=
ПоказательКБК=
ОКАТО=
ПоказательОснования=
ПоказательПериода=
ПоказательНомера=
ПоказательДаты=
ПоказательТипа=
Очередность=5
НазначениеПлатежа=Возврат займа согласно Соглашения о новации №1/2019 от 30.12.2019 (10031) НДС не облагается.
КонецДокумента
СекцияДокумент=Банковский ордер
Номер=113710
Дата=27.04.2024
Сумма=597
ПлательщикСчет=40802810048000010947
ДатаСписано=27.04.2024
Плательщик=ИНДИВИДУАЛЬНЫЙ ПРЕДПРИНИМАТЕЛЬ НИКИТИН ВЯЧЕСЛАВ ВЯЧЕСЛАВОВИЧ
ПлательщикИНН=583509478600
ПлательщикКПП=
ПлательщикРасчСчет=40802810048000010947
ПлательщикБанк1=ПЕНЗЕНСКОЕ ОТДЕЛЕНИЕ N8624 ПАО СБЕРБАНК, г.Пенза
ПлательщикБИК=045655635
ПлательщикКорсчет=30101810000000000635
ПолучательСчет=70601810948002720302
ДатаПоступило=
Получатель=ПЕНЗЕНСКОЕ ОТДЕЛЕНИЕ N8624 ПАО СБЕРБАНК
ПолучательИНН=7707083893
ПолучательКПП=583402001
ПолучательРасчСчет=70601810948002720302
ПолучательБанк1=ПЕНЗЕНСКОЕ ОТДЕЛЕНИЕ N8624 ПАО СБЕРБАНК, г.Пенза
ПолучательБИК=045655635
ПолучательКорсчет=30101810000000000635
ВидПлатежа=0
ВидОплаты=17
Код=
СтатусСоставителя=
ПоказательКБК=
ОКАТО=
ПоказательОснования=
ПоказательПериода=
ПоказательНомера=
ПоказательДаты=
ПоказательТипа=
Очередность=5
НазначениеПлатежа=Комиссия в другие банки (кредитные организации, Банк России) за ПП/ПТ через ДБО согласно договору РКО №40802810048000010947 от '03/04/2019'. Документы:  Документ(ы):; от 27/04/24 №№: 29 (17334.27 RUR  ), 27 (41
КонецДокумента
СекцияДокумент=Платежное поручение
Номер=29
Дата=27.04.2024
Сумма=17334.27
ПлательщикСчет=40802810048000010947
ДатаСписано=27.04.2024
Плательщик=ИНДИВИДУАЛЬНЫЙ ПРЕДПРИНИМАТЕЛЬ НИКИТИН ВЯЧЕСЛАВ ВЯЧЕСЛАВОВИЧ
ПлательщикИНН=583509478600
ПлательщикКПП=
ПлательщикРасчСчет=40802810048000010947
ПлательщикБанк1=ПЕНЗЕНСКОЕ ОТДЕЛЕНИЕ N8624 ПАО СБЕРБАНК, г.Пенза
ПлательщикБИК=045655635
ПлательщикКорсчет=30101810000000000635
ПолучательСчет=40702810506240000002
ДатаПоступило=
Получатель=ООО "ГАЗПРОМ МЕЖРЕГИОНГАЗ ПЕНЗА"
ПолучательИНН=5834019424
ПолучательКПП=785150001
ПолучательРасчСчет=40702810506240000002
ПолучательБанк1=НИЖЕГОРОДСКИЙ ФИЛИАЛ АБ "РОССИЯ", г.Нижний Новгород
ПолучательБИК=042202876
ПолучательКорсчет=30101810300000000876
ВидПлатежа=электронно
ВидОплаты=01
Код=
СтатусСоставителя=
ПоказательКБК=
ОКАТО=
ПоказательОснования=
ПоказательПериода=
ПоказательНомера=
ПоказательДаты=
ПоказательТипа=
Очередность=5
НазначениеПлатежа=Оплата по договору №40-5-28523 от 12.07.2023г. В том числе НДС 20 % - 2889.05 рублей.
КонецДокумента
СекцияДокумент=Платежное поручение
Номер=28
Дата=27.04.2024
Сумма=38633
ПлательщикСчет=40802810048000010947
ДатаСписано=27.04.2024
Плательщик=ИНДИВИДУАЛЬНЫЙ ПРЕДПРИНИМАТЕЛЬ НИКИТИН ВЯЧЕСЛАВ ВЯЧЕСЛАВОВИЧ
ПлательщикИНН=583509478600
ПлательщикКПП=
ПлательщикРасчСчет=40802810048000010947
ПлательщикБанк1=ПЕНЗЕНСКОЕ ОТДЕЛЕНИЕ N8624 ПАО СБЕРБАНК, г.Пенза
ПлательщикБИК=045655635
ПлательщикКорсчет=30101810000000000635
ПолучательСчет=40703810832130000137
ДатаПоступило=
Получатель=АС "ПОМОЩЬ"
ПолучательИНН=9703013602
ПолучательКПП=770301001
ПолучательРасчСчет=40703810832130000137
ПолучательБанк1=ФИЛИАЛ "САНКТ-ПЕТЕРБУРГСКИЙ" АО "АЛЬФА-БАНК", г.Санкт-Петербург
ПолучательБИК=044030786
ПолучательКорсчет=30101810600000000786
ВидПлатежа=электронно
ВидОплаты=01
Код=
СтатусСоставителя=
ПоказательКБК=
ОКАТО=
ПоказательОснования=
ПоказательПериода=
ПоказательНомера=
ПоказательДаты=
ПоказательТипа=
Очередность=5
НазначениеПлатежа=Перечисление денежных средств оплата доп. членских взносов, №3, на основании протокола от 20.10.2023г. НДС не облагается.
КонецДокумента
СекцияДокумент=Платежное поручение
Номер=27
Дата=27.04.2024
Сумма=41426
ПлательщикСчет=40802810048000010947
ДатаСписано=27.04.2024
Плательщик=ИНДИВИДУАЛЬНЫЙ ПРЕДПРИНИМАТЕЛЬ НИКИТИН ВЯЧЕСЛАВ ВЯЧЕСЛАВОВИЧ
ПлательщикИНН=583509478600
ПлательщикКПП=
ПлательщикРасчСчет=40802810048000010947
ПлательщикБанк1=ПЕНЗЕНСКОЕ ОТДЕЛЕНИЕ N8624 ПАО СБЕРБАНК, г.Пенза
ПлательщикБИК=045655635
ПлательщикКорсчет=30101810000000000635
ПолучательСчет=40703810832130000137
ДатаПоступило=
Получатель=АС "ПОМОЩЬ"
ПолучательИНН=9703013602
ПолучательКПП=770301001
ПолучательРасчСчет=40703810832130000137
ПолучательБанк1=ФИЛИАЛ "САНКТ-ПЕТЕРБУРГСКИЙ" АО "АЛЬФА-БАНК", г.Санкт-Петербург
ПолучательБИК=044030786
ПолучательКорсчет=30101810600000000786
ВидПлатежа=электронно
ВидОплаты=01
Код=
СтатусСоставителя=
ПоказательКБК=
ОКАТО=
ПоказательОснования=
ПоказательПериода=
ПоказательНомера=
ПоказательДаты=
ПоказательТипа=
Очередность=5
НазначениеПлатежа=Перечисление денежных средств оплата доп. членских взносов, №3, на основании протокола от 20.10.2023г. НДС не облагается.
КонецДокумента
СекцияДокумент=Платежное поручение
Номер=901450
Дата=27.04.2024
Сумма=60000
ПлательщикСчет=40802810048000010947
ДатаСписано=27.04.2024
Плательщик=ИНДИВИДУАЛЬНЫЙ ПРЕДПРИНИМАТЕЛЬ НИКИТИН ВЯЧЕСЛАВ ВЯЧЕСЛАВОВИЧ
ПлательщикИНН=583509478600
ПлательщикКПП=
ПлательщикРасчСчет=40802810048000010947
ПлательщикБанк1=ПЕНЗЕНСКОЕ ОТДЕЛЕНИЕ N8624 ПАО СБЕРБАНК, г.Пенза
ПлательщикБИК=045655635
ПлательщикКорсчет=30101810000000000635
ПолучательСчет=
ДатаПоступило=
Получатель=ПАО Сбербанк
ПолучательИНН=7707083893
ПолучательКПП=773601001
ПолучательРасчСчет=
ПолучательБанк1=ПАО Сбербанк, г.Москва
ПолучательБИК=044525225
ПолучательКорсчет=30101810400000000225
ВидПлатежа=электронно
ВидОплаты=01
Код=0
СтатусСоставителя=
ПоказательКБК=
ОКАТО=
ПоказательОснования=
ПоказательПериода=
ПоказательНомера=
ПоказательДаты=
ПоказательТипа=
Очередность=3
НазначениеПлатежа=Денежное вознаграждение по реестру №47 от 27.04.2024 в соответствии с Договором 89054178 от 27.01.2022
КонецДокумента
СекцияДокумент=Платежное поручение
Номер=907139
Дата=27.04.2024
Сумма=196000
ПлательщикСчет=40802810048000010947
ДатаСписано=27.04.2024
Плательщик=ИНДИВИДУАЛЬНЫЙ ПРЕДПРИНИМАТЕЛЬ НИКИТИН ВЯЧЕСЛАВ ВЯЧЕСЛАВОВИЧ
ПлательщикИНН=583509478600
ПлательщикКПП=
ПлательщикРасчСчет=40802810048000010947
ПлательщикБанк1=ПЕНЗЕНСКОЕ ОТДЕЛЕНИЕ N8624 ПАО СБЕРБАНК, г.Пенза
ПлательщикБИК=045655635
ПлательщикКорсчет=30101810000000000635
ПолучательСчет=
ДатаПоступило=
Получатель=ПАО Сбербанк
ПолучательИНН=7707083893
ПолучательКПП=773601001
ПолучательРасчСчет=
ПолучательБанк1=ПАО Сбербанк, г.Москва
ПолучательБИК=044525225
ПолучательКорсчет=30101810400000000225
ВидПлатежа=электронно
ВидОплаты=01
Код=0
СтатусСоставителя=
ПоказательКБК=
ОКАТО=
ПоказательОснования=
ПоказательПериода=
ПоказательНомера=
ПоказательДаты=
ПоказательТипа=
Очередность=3
НазначениеПлатежа=Денежное вознаграждение по реестру №48 от 27.04.2024 в соответствии с Договором 89054178 от 27.01.2022
КонецДокумента
СекцияДокумент=Платежное поручение
Номер=906871
Дата=27.04.2024
Сумма=254000
ПлательщикСчет=40802810048000010947
ДатаСписано=27.04.2024
Плательщик=ИНДИВИДУАЛЬНЫЙ ПРЕДПРИНИМАТЕЛЬ НИКИТИН ВЯЧЕСЛАВ ВЯЧЕСЛАВОВИЧ
ПлательщикИНН=583509478600
ПлательщикКПП=
ПлательщикРасчСчет=40802810048000010947
ПлательщикБанк1=ПЕНЗЕНСКОЕ ОТДЕЛЕНИЕ N8624 ПАО СБЕРБАНК, г.Пенза
ПлательщикБИК=045655635
ПлательщикКорсчет=30101810000000000635
ПолучательСчет=
ДатаПоступило=
Получатель=ПАО Сбербанк
ПолучательИНН=7707083893
ПолучательКПП=773601001
ПолучательРасчСчет=
ПолучательБанк1=ПАО Сбербанк, г.Москва
ПолучательБИК=044525225
ПолучательКорсчет=30101810400000000225
ВидПлатежа=электронно
ВидОплаты=01
Код=0
СтатусСоставителя=
ПоказательКБК=
ОКАТО=
ПоказательОснования=
ПоказательПериода=
ПоказательНомера=
ПоказательДаты=
ПоказательТипа=
Очередность=3
НазначениеПлатежа=Денежное вознаграждение по реестру №49 от 27.04.2024 в соответствии с Договором 89054178 от 27.01.2022
КонецДокумента
СекцияДокумент=Платежное поручение
Номер=103
Дата=27.04.2024
Сумма=590000
ПлательщикСчет=40702810429170005255
ДатаСписано=
Плательщик=ОБЩЕСТВО С ОГРАНИЧЕННОЙ ОТВЕТСТВЕННОСТЬЮ "ВЕРТИКАЛЬ"
ПлательщикИНН=5838015124
ПлательщикКПП=583801001
ПлательщикРасчСчет=40702810429170005255
ПлательщикБанк1=ФИЛИАЛ "НИЖЕГОРОДСКИЙ" АО "АЛЬФА-БАНК", г.Нижний Новгород
ПлательщикБИК=042202824
ПлательщикКорсчет=30101810200000000824
ПолучательСчет=40802810048000010947
ДатаПоступило=27.04.2024
Получатель=НИКИТИН ВЯЧЕСЛАВ ВЯЧЕСЛАВОВИЧ (ИП)
ПолучательИНН=583509478600
ПолучательКПП=
ПолучательРасчСчет=40802810048000010947
ПолучательБанк1=ПЕНЗЕНСКОЕ ОТДЕЛЕНИЕ N8624 ПАО СБЕРБАНК, г.Пенза
ПолучательБИК=045655635
ПолучательКорсчет=30101810000000000635
ВидПлатежа=электронно
ВидОплаты=01
Код=
СтатусСоставителя=
ПоказательКБК=
ОКАТО=
ПоказательОснования=
ПоказательПериода=
ПоказательНомера=
ПоказательДаты=
ПоказательТипа=
Очередность=5
НазначениеПлатежа=ПОГАШЕНИЕ ЗАДОЛЖЕННОСТИ В СООТВЕТСТВИИ С АКТОМ СВЕРКИ. НДС НЕ ОБЛАГАЕТСЯ
КонецДокумента
СекцияДокумент=Банковский ордер
Номер=593805
Дата=03.05.2024
Сумма=199
ПлательщикСчет=40802810048000010947
ДатаСписано=03.05.2024
Плательщик=ИНДИВИДУАЛЬНЫЙ ПРЕДПРИНИМАТЕЛЬ НИКИТИН ВЯЧЕСЛАВ ВЯЧЕСЛАВОВИЧ
ПлательщикИНН=583509478600
ПлательщикКПП=
ПлательщикРасчСчет=40802810048000010947
ПлательщикБанк1=ПЕНЗЕНСКОЕ ОТДЕЛЕНИЕ N8624 ПАО СБЕРБАНК, г.Пенза
ПлательщикБИК=045655635
ПлательщикКорсчет=30101810000000000635
ПолучательСчет=70601810948002720302
ДатаПоступило=
Получатель=ПЕНЗЕНСКОЕ ОТДЕЛЕНИЕ N8624 ПАО СБЕРБАНК
ПолучательИНН=7707083893
ПолучательКПП=583402001
ПолучательРасчСчет=70601810948002720302
ПолучательБанк1=ПЕНЗЕНСКОЕ ОТДЕЛЕНИЕ N8624 ПАО СБЕРБАНК, г.Пенза
ПолучательБИК=045655635
ПолучательКорсчет=30101810000000000635
ВидПлатежа=0
ВидОплаты=17
Код=
СтатусСоставителя=
ПоказательКБК=
ОКАТО=
ПоказательОснования=
ПоказательПериода=
ПоказательНомера=
ПоказательДаты=
ПоказательТипа=
Очередность=5
НазначениеПлатежа=Комиссия в другие банки (кредитные организации, Банк России) за ПП/ПТ через ДБО согласно договору РКО №40802810048000010947 от '03/04/2019'. Документы: №30 (5000 RUR  ) от 03/05/24 Без НДС
КонецДокумента
СекцияДокумент=Платежное поручение
Номер=30
Дата=03.05.2024
Сумма=5000
ПлательщикСчет=40802810048000010947
ДатаСписано=03.05.2024
Плательщик=ИНДИВИДУАЛЬНЫЙ ПРЕДПРИНИМАТЕЛЬ НИКИТИН ВЯЧЕСЛАВ ВЯЧЕСЛАВОВИЧ
ПлательщикИНН=583509478600
ПлательщикКПП=
ПлательщикРасчСчет=40802810048000010947
ПлательщикБанк1=ПЕНЗЕНСКОЕ ОТДЕЛЕНИЕ N8624 ПАО СБЕРБАНК, г.Пенза
ПлательщикБИК=045655635
ПлательщикКорсчет=30101810000000000635
ПолучательСчет=40702810300150000124
ДатаПоступило=
Получатель=ООО "КРИСТАЛЛ"
ПолучательИНН=5837031437
ПолучательКПП=583701001
ПолучательРасчСчет=40702810300150000124
ПолучательБанк1=ПАО БАНК "КУЗНЕЦКИЙ", г.Пенза
ПолучательБИК=045655707
ПолучательКорсчет=30101810200000000707
ВидПлатежа=электронно
ВидОплаты=01
Код=
СтатусСоставителя=
ПоказательКБК=
ОКАТО=
ПоказательОснования=
ПоказательПериода=
ПоказательНомера=
ПоказательДаты=
ПоказательТипа=
Очередность=5
НазначениеПлатежа=Оплата по счетам за питьевую воду. НДС не облагается.
КонецДокумента
СекцияДокумент=Платежное поручение
Номер=31
Дата=03.05.2024
Сумма=131454.56
ПлательщикСчет=40802810048000010947
ДатаСписано=03.05.2024
Плательщик=ИНДИВИДУАЛЬНЫЙ ПРЕДПРИНИМАТЕЛЬ НИКИТИН ВЯЧЕСЛАВ ВЯЧЕСЛАВОВИЧ
ПлательщикИНН=583509478600
ПлательщикКПП=
ПлательщикРасчСчет=40802810048000010947
ПлательщикБанк1=ПЕНЗЕНСКОЕ ОТДЕЛЕНИЕ N8624 ПАО СБЕРБАНК, г.Пенза
ПлательщикБИК=045655635
ПлательщикКорсчет=30101810000000000635
ПолучательСчет=40702810648000016441
ДатаПоступило=
Получатель=ПАО "РОССЕТИ ВОЛГА"
ПолучательИНН=6450925977
ПолучательКПП=583531001
ПолучательРасчСчет=40702810648000016441
ПолучательБанк1=ПЕНЗЕНСКОЕ ОТДЕЛЕНИЕ N8624 ПАО СБЕРБАНК, г.Пенза
ПолучательБИК=045655635
ПолучательКорсчет=30101810000000000635
ВидПлатежа=электронно
ВидОплаты=01
Код=
СтатусСоставителя=
ПоказательКБК=
ОКАТО=
ПоказательОснования=
ПоказательПериода=
ПоказательНомера=
ПоказательДаты=
ПоказательТипа=
Очередность=5
НазначениеПлатежа=Оплата по счету № ПЭ000002783 от 02.05.2024 г. В том числе НДС 20 % - 21909.09 рублей.
КонецДокумента
СекцияДокумент=Платежное поручение
Номер=68
Дата=03.05.2024
Сумма=554000
ПлательщикСчет=40702810648000016218
ДатаСписано=
Плательщик=ООО "Юникс"
ПлательщикИНН=5835084810
ПлательщикКПП=583601001
ПлательщикРасчСчет=40702810648000016218
ПлательщикБанк1=ПЕНЗЕНСКОЕ ОТДЕЛЕНИЕ N8624 ПАО СБЕРБАНК, г.Пенза
ПлательщикБИК=045655635
ПлательщикКорсчет=30101810000000000635
ПолучательСчет=40802810048000010947
ДатаПоступило=03.05.2024
Получатель=ИП НИКИТИН ВЯЧЕСЛАВ ВЯЧЕСЛАВОВИЧ
ПолучательИНН=583509478600
ПолучательКПП=
ПолучательРасчСчет=40802810048000010947
ПолучательБанк1=ПЕНЗЕНСКОЕ ОТДЕЛЕНИЕ N8624 ПАО СБЕРБАНК, г.Пенза
ПолучательБИК=045655635
ПолучательКорсчет=30101810000000000635
ВидПлатежа=электронно
ВидОплаты=01
Код=
СтатусСоставителя=
ПоказательКБК=
ОКАТО=
ПоказательОснования=
ПоказательПериода=
ПоказательНомера=
ПоказательДаты=
ПоказательТипа=
Очередность=5
НазначениеПлатежа=Возврат займа согласно Соглашения о новации №1/2019 от 30.12.2019 (10031) НДС не облагается.
КонецДокумента
СекцияДокумент=Платежное поручение
Номер=33
Дата=06.05.2024
Сумма=13462.42
ПлательщикСчет=40802810048000010947
ДатаСписано=06.05.2024
Плательщик=ИНДИВИДУАЛЬНЫЙ ПРЕДПРИНИМАТЕЛЬ НИКИТИН ВЯЧЕСЛАВ ВЯЧЕСЛАВОВИЧ
ПлательщикИНН=583509478600
ПлательщикКПП=
ПлательщикРасчСчет=40802810048000010947
ПлательщикБанк1=ПЕНЗЕНСКОЕ ОТДЕЛЕНИЕ N8624 ПАО СБЕРБАНК, г.Пенза
ПлательщикБИК=045655635
ПлательщикКорсчет=30101810000000000635
ПолучательСчет=40702810448000016939
ДатаПоступило=
Получатель=ООО "УК "ДУБРАВА"
ПолучательИНН=5837050743
ПолучательКПП=583701001
ПолучательРасчСчет=40702810448000016939
ПолучательБанк1=ПЕНЗЕНСКОЕ ОТДЕЛЕНИЕ N8624 ПАО СБЕРБАНК, г.Пенза
ПолучательБИК=045655635
ПолучательКорсчет=30101810000000000635
ВидПлатежа=электронно
ВидОплаты=01
Код=
СтатусСоставителя=
ПоказательКБК=
ОКАТО=
ПоказательОснования=
ПоказательПериода=
ПоказательНомера=
ПоказательДаты=
ПоказательТипа=
Очередность=5
НазначениеПлатежа=Оплата за апрель 2024 г. л/с №890 Никитин В.В. уч.400. НДС не облагается.
КонецДокумента
СекцияДокумент=Платежное поручение
Номер=646726
Дата=06.05.2024
Сумма=220000
ПлательщикСчет=40802810048000010947
ДатаСписано=06.05.2024
Плательщик=ИНДИВИДУАЛЬНЫЙ ПРЕДПРИНИМАТЕЛЬ НИКИТИН ВЯЧЕСЛАВ ВЯЧЕСЛАВОВИЧ
ПлательщикИНН=583509478600
ПлательщикКПП=
ПлательщикРасчСчет=40802810048000010947
ПлательщикБанк1=ПЕНЗЕНСКОЕ ОТДЕЛЕНИЕ N8624 ПАО СБЕРБАНК, г.Пенза
ПлательщикБИК=045655635
ПлательщикКорсчет=30101810000000000635
ПолучательСчет=
ДатаПоступило=
Получатель=ПАО Сбербанк
ПолучательИНН=7707083893
ПолучательКПП=773601001
ПолучательРасчСчет=
ПолучательБанк1=ПАО Сбербанк, г.Москва
ПолучательБИК=044525225
ПолучательКорсчет=30101810400000000225
ВидПлатежа=электронно
ВидОплаты=01
Код=0
СтатусСоставителя=
ПоказательКБК=
ОКАТО=
ПоказательОснования=
ПоказательПериода=
ПоказательНомера=
ПоказательДаты=
ПоказательТипа=
Очередность=3
НазначениеПлатежа=Денежное вознаграждение по реестру №50 от 06.05.2024 в соответствии с Договором 89054178 от 27.01.2022
КонецДокумента
СекцияДокумент=Платежное поручение
Номер=646709
Дата=06.05.2024
Сумма=280000
ПлательщикСчет=40802810048000010947
ДатаСписано=06.05.2024
Плательщик=ИНДИВИДУАЛЬНЫЙ ПРЕДПРИНИМАТЕЛЬ НИКИТИН ВЯЧЕСЛАВ ВЯЧЕСЛАВОВИЧ
ПлательщикИНН=583509478600
ПлательщикКПП=
ПлательщикРасчСчет=40802810048000010947
ПлательщикБанк1=ПЕНЗЕНСКОЕ ОТДЕЛЕНИЕ N8624 ПАО СБЕРБАНК, г.Пенза
ПлательщикБИК=045655635
ПлательщикКорсчет=30101810000000000635
ПолучательСчет=
ДатаПоступило=
Получатель=ПАО Сбербанк
ПолучательИНН=7707083893
ПолучательКПП=773601001
ПолучательРасчСчет=
ПолучательБанк1=ПАО Сбербанк, г.Москва
ПолучательБИК=044525225
ПолучательКорсчет=30101810400000000225
ВидПлатежа=электронно
ВидОплаты=01
Код=0
СтатусСоставителя=
ПоказательКБК=
ОКАТО=
ПоказательОснования=
ПоказательПериода=
ПоказательНомера=
ПоказательДаты=
ПоказательТипа=
Очередность=3
НазначениеПлатежа=Денежное вознаграждение по реестру №51 от 06.05.2024 в соответствии с Договором 89054178 от 27.01.2022
КонецДокумента
СекцияДокумент=Платежное поручение
Номер=32
Дата=06.05.2024
Сумма=835000
ПлательщикСчет=40802810048000010947
ДатаСписано=06.05.2024
Плательщик=ИНДИВИДУАЛЬНЫЙ ПРЕДПРИНИМАТЕЛЬ НИКИТИН ВЯЧЕСЛАВ ВЯЧЕСЛАВОВИЧ
ПлательщикИНН=583509478600
ПлательщикКПП=0
ПлательщикРасчСчет=40802810048000010947
ПлательщикБанк1=ПЕНЗЕНСКОЕ ОТДЕЛЕНИЕ N8624 ПАО СБЕРБАНК, г.Пенза
ПлательщикБИК=045655635
ПлательщикКорсчет=30101810000000000635
ПолучательСчет=03100643000000018500
ДатаПоступило=
Получатель=МИ ФНС РОССИИ ПО УПРАВЛЕНИЮ ДОЛГОМ
ПолучательИНН=7727406020
ПолучательКПП=770801001
ПолучательРасчСчет=03100643000000018500
ПолучательБанк1=ОТДЕЛЕНИЕ ТУЛА БАНКА РОССИИ//УФК по Тульской области, г.Тула
ПолучательБИК=017003983
ПолучательКорсчет=40102810445370000059
ВидПлатежа=электронно
ВидОплаты=01
Код=0
СтатусСоставителя=01
ПоказательКБК=18201061201010000510
ОКАТО=70000000
ПоказательОснования=0
ПоказательПериода=0
ПоказательНомера=0
ПоказательДаты=0
ПоказательТипа=
Очередность=5
НазначениеПлатежа=Единый налоговый платеж. НДС не облагается.
КонецДокумента
СекцияДокумент=Платежное поручение
Номер=99
Дата=06.05.2024
Сумма=1209000
ПлательщикСчет=40702810524870001858
ДатаСписано=
Плательщик=ООО "ВЭСТ"
ПлательщикИНН=5836684401
ПлательщикКПП=583701001
ПлательщикРасчСчет=40702810524870001858
ПлательщикБанк1=ПРИВОЛЖСКИЙ ФИЛИАЛ ПАО РОСБАНК, г.Нижний Новгород
ПлательщикБИК=042202747
ПлательщикКорсчет=30101810400000000747
ПолучательСчет=40802810048000010947
ДатаПоступило=06.05.2024
Получатель=ИП Никитин Вячеслав Вячеславович
ПолучательИНН=583509478600
ПолучательКПП=0
ПолучательРасчСчет=40802810048000010947
ПолучательБанк1=ПЕНЗЕНСКОЕ ОТДЕЛЕНИЕ N8624 ПАО СБЕРБАНК, г.Пенза
ПолучательБИК=045655635
ПолучательКорсчет=30101810000000000635
ВидПлатежа=электронно
ВидОплаты=01
Код=0
СтатусСоставителя=
ПоказательКБК=
ОКАТО=
ПоказательОснования=
ПоказательПериода=
ПоказательНомера=
ПоказательДаты=
ПоказательТипа=
Очередность=5
НазначениеПлатежа=Оплата по договору 21-О-129 от 01.07.2021 за проведение комплекса инженерных изысканий. Без НДС
КонецДокумента
СекцияДокумент=Платежное поручение
Номер=34
Дата=07.05.2024
Сумма=16700
ПлательщикСчет=40802810048000010947
ДатаСписано=07.05.2024
Плательщик=ИНДИВИДУАЛЬНЫЙ ПРЕДПРИНИМАТЕЛЬ НИКИТИН ВЯЧЕСЛАВ ВЯЧЕСЛАВОВИЧ
ПлательщикИНН=583509478600
ПлательщикКПП=
ПлательщикРасчСчет=40802810048000010947
ПлательщикБанк1=ПЕНЗЕНСКОЕ ОТДЕЛЕНИЕ N8624 ПАО СБЕРБАНК, г.Пенза
ПлательщикБИК=045655635
ПлательщикКорсчет=30101810000000000635
ПолучательСчет=40802810800000439573
ДатаПоступило=
Получатель=ИП СТРОКИН ДМИТРИЙ АЛЕКСАНДРОВИЧ
ПолучательИНН=891301671740
ПолучательКПП=
ПолучательРасчСчет=40802810800000439573
ПолучательБанк1=АО "Тинькофф Банк", г.Москва
ПолучательБИК=044525974
ПолучательКорсчет=30101810145250000974
ВидПлатежа=электронно
ВидОплаты=01
Код=
СтатусСоставителя=
ПоказательКБК=
ОКАТО=
ПоказательОснования=
ПоказательПериода=
ПоказательНомера=
ПоказательДаты=
ПоказательТипа=
Очередность=5
НазначениеПлатежа=Оплата по ТН от 03.05.2024 г. НДС не облагается.
КонецДокумента
СекцияДокумент=Платежное поручение
Номер=854918
Дата=07.05.2024
Сумма=53191.5
ПлательщикСчет=40802810048000010947
ДатаСписано=07.05.2024
Плательщик=ИНДИВИДУАЛЬНЫЙ ПРЕДПРИНИМАТЕЛЬ НИКИТИН ВЯЧЕСЛАВ ВЯЧЕСЛАВОВИЧ
ПлательщикИНН=583509478600
ПлательщикКПП=
ПлательщикРасчСчет=40802810048000010947
ПлательщикБанк1=ПЕНЗЕНСКОЕ ОТДЕЛЕНИЕ N8624 ПАО СБЕРБАНК, г.Пенза
ПлательщикБИК=045655635
ПлательщикКорсчет=30101810000000000635
ПолучательСчет=
ДатаПоступило=
Получатель=ПАО Сбербанк
ПолучательИНН=7707083893
ПолучательКПП=773601001
ПолучательРасчСчет=
ПолучательБанк1=ПАО Сбербанк, г.Москва
ПолучательБИК=044525225
ПолучательКорсчет=30101810400000000225
ВидПлатежа=электронно
ВидОплаты=01
Код=0
СтатусСоставителя=
ПоказательКБК=
ОКАТО=
ПоказательОснования=
ПоказательПериода=
ПоказательНомера=
ПоказательДаты=
ПоказательТипа=
Очередность=5
НазначениеПлатежа=Выплаты по договорам с физ. лицами (422-ФЗ) по реестру №55 от 07.05.2024 в соответствии с Договором 89054178 от 27.01.2022
КонецДокумента
СекцияДокумент=Платежное поручение
Номер=35
Дата=07.05.2024
Сумма=133960
ПлательщикСчет=40802810048000010947
ДатаСписано=07.05.2024
Плательщик=ИНДИВИДУАЛЬНЫЙ ПРЕДПРИНИМАТЕЛЬ НИКИТИН ВЯЧЕСЛАВ ВЯЧЕСЛАВОВИЧ
ПлательщикИНН=583509478600
ПлательщикКПП=
ПлательщикРасчСчет=40802810048000010947
ПлательщикБанк1=ПЕНЗЕНСКОЕ ОТДЕЛЕНИЕ N8624 ПАО СБЕРБАНК, г.Пенза
ПлательщикБИК=045655635
ПлательщикКорсчет=30101810000000000635
ПолучательСчет=40817810248006549401
ДатаПоступило=
Получатель=Пшеничных Елена Николаевна
ПолучательИНН=583406845873
ПолучательКПП=
ПолучательРасчСчет=40817810248006549401
ПолучательБанк1=ПЕНЗЕНСКОЕ ОТДЕЛЕНИЕ N8624 ПАО СБЕРБАНК, г.Пенза
ПолучательБИК=045655635
ПолучательКорсчет=30101810000000000635
ВидПлатежа=электронно
ВидОплаты=01
Код=
СтатусСоставителя=
ПоказательКБК=
ОКАТО=
ПоказательОснования=
ПоказательПериода=
ПоказательНомера=
ПоказательДаты=
ПоказательТипа=
Очередность=5
НазначениеПлатежа=Оплата за проведение работ по подготовке проектной документации. НДС не облагается.
КонецДокумента
СекцияДокумент=Платежное поручение
Номер=853094
Дата=07.05.2024
Сумма=183000
ПлательщикСчет=40802810048000010947
ДатаСписано=07.05.2024
Плательщик=ИНДИВИДУАЛЬНЫЙ ПРЕДПРИНИМАТЕЛЬ НИКИТИН ВЯЧЕСЛАВ ВЯЧЕСЛАВОВИЧ
ПлательщикИНН=583509478600
ПлательщикКПП=
ПлательщикРасчСчет=40802810048000010947
ПлательщикБанк1=ПЕНЗЕНСКОЕ ОТДЕЛЕНИЕ N8624 ПАО СБЕРБАНК, г.Пенза
ПлательщикБИК=045655635
ПлательщикКорсчет=30101810000000000635
ПолучательСчет=
ДатаПоступило=
Получатель=ПАО Сбербанк
ПолучательИНН=7707083893
ПолучательКПП=773601001
ПолучательРасчСчет=
ПолучательБанк1=ПАО Сбербанк, г.Москва
ПолучательБИК=044525225
ПолучательКорсчет=30101810400000000225
ВидПлатежа=электронно
ВидОплаты=01
Код=0
СтатусСоставителя=
ПоказательКБК=
ОКАТО=
ПоказательОснования=
ПоказательПериода=
ПоказательНомера=
ПоказательДаты=
ПоказательТипа=
Очередность=3
НазначениеПлатежа=Денежное вознаграждение по реестру №53 от 07.05.2024 в соответствии с Договором 89054178 от 27.01.2022
КонецДокумента
СекцияДокумент=Платежное поручение
Номер=737510
Дата=07.05.2024
Сумма=200000
ПлательщикСчет=40802810048000010947
ДатаСписано=07.05.2024
Плательщик=ИНДИВИДУАЛЬНЫЙ ПРЕДПРИНИМАТЕЛЬ НИКИТИН ВЯЧЕСЛАВ ВЯЧЕСЛАВОВИЧ
ПлательщикИНН=583509478600
ПлательщикКПП=
ПлательщикРасчСчет=40802810048000010947
ПлательщикБанк1=ПЕНЗЕНСКОЕ ОТДЕЛЕНИЕ N8624 ПАО СБЕРБАНК, г.Пенза
ПлательщикБИК=045655635
ПлательщикКорсчет=30101810000000000635
ПолучательСчет=
ДатаПоступило=
Получатель=ПАО Сбербанк
ПолучательИНН=7707083893
ПолучательКПП=773601001
ПолучательРасчСчет=
ПолучательБанк1=ПАО Сбербанк, г.Москва
ПолучательБИК=044525225
ПолучательКорсчет=30101810400000000225
ВидПлатежа=электронно
ВидОплаты=01
Код=0
СтатусСоставителя=
ПоказательКБК=
ОКАТО=
ПоказательОснования=
ПоказательПериода=
ПоказательНомера=
ПоказательДаты=
ПоказательТипа=
Очередность=3
НазначениеПлатежа=Денежное вознаграждение по реестру №52 от 07.05.2024 в соответствии с Договором 89054178 от 27.01.2022
КонецДокумента
СекцияДокумент=Платежное поручение
Номер=853353
Дата=07.05.2024
Сумма=317000
ПлательщикСчет=40802810048000010947
ДатаСписано=07.05.2024
Плательщик=ИНДИВИДУАЛЬНЫЙ ПРЕДПРИНИМАТЕЛЬ НИКИТИН ВЯЧЕСЛАВ ВЯЧЕСЛАВОВИЧ
ПлательщикИНН=583509478600
ПлательщикКПП=
ПлательщикРасчСчет=40802810048000010947
ПлательщикБанк1=ПЕНЗЕНСКОЕ ОТДЕЛЕНИЕ N8624 ПАО СБЕРБАНК, г.Пенза
ПлательщикБИК=045655635
ПлательщикКорсчет=30101810000000000635
ПолучательСчет=
ДатаПоступило=
Получатель=ПАО Сбербанк
ПолучательИНН=7707083893
ПолучательКПП=773601001
ПолучательРасчСчет=
ПолучательБанк1=ПАО Сбербанк, г.Москва
ПолучательБИК=044525225
ПолучательКорсчет=30101810400000000225
ВидПлатежа=электронно
ВидОплаты=01
Код=0
СтатусСоставителя=
ПоказательКБК=
ОКАТО=
ПоказательОснования=
ПоказательПериода=
ПоказательНомера=
ПоказательДаты=
ПоказательТипа=
Очередность=3
НазначениеПлатежа=Денежное вознаграждение по реестру №54 от 07.05.2024 в соответствии с Договором 89054178 от 27.01.2022
КонецДокумента
СекцияДокумент=Платежное поручение
Номер=116
Дата=07.05.2024
Сумма=641000
ПлательщикСчет=30302810700000031214
ДатаСписано=
Плательщик=ООО "ВЭСТ" р/с 40702810524870001858 ПРИВОЛЖСКИЙ ФИЛИАЛ РОСБАНКА
ПлательщикИНН=5836684401
ПлательщикКПП=583701001
ПлательщикРасчСчет=30302810700000031214
ПлательщикБанк1=ПАО РОСБАНК, г.Москва
ПлательщикБИК=044525256
ПлательщикКорсчет=30101810000000000256
ПолучательСчет=40802810048000010947
ДатаПоступило=07.05.2024
Получатель=ИП Никитин Вячеслав Вячеславович
ПолучательИНН=583509478600
ПолучательКПП=0
ПолучательРасчСчет=40802810048000010947
ПолучательБанк1=ПЕНЗЕНСКОЕ ОТДЕЛЕНИЕ N8624 ПАО СБЕРБАНК, г.Пенза
ПолучательБИК=045655635
ПолучательКорсчет=30101810000000000635
ВидПлатежа=электронно
ВидОплаты=01
Код=0
СтатусСоставителя=
ПоказательКБК=
ОКАТО=
ПоказательОснования=
ПоказательПериода=
ПоказательНомера=
ПоказательДаты=
ПоказательТипа=
Очередность=5
НазначениеПлатежа=Оплата за проведение предпроектныхизысканий по объектам сетей газораспределения в д. Лехово Невельскогорайона Псковской обл. Без НДС
КонецДокумента
СекцияДокумент=Платежное поручение
Номер=113
Дата=07.05.2024
Сумма=1034620.53
ПлательщикСчет=40702810524870001858
ДатаСписано=
Плательщик=ООО "ВЭСТ"
ПлательщикИНН=5836684401
ПлательщикКПП=583701001
ПлательщикРасчСчет=40702810524870001858
ПлательщикБанк1=ПРИВОЛЖСКИЙ ФИЛИАЛ ПАО РОСБАНК, г.Нижний Новгород
ПлательщикБИК=042202747
ПлательщикКорсчет=30101810400000000747
ПолучательСчет=40802810048000010947
ДатаПоступило=07.05.2024
Получатель=ИП Никитин Вячеслав Вячеславович
ПолучательИНН=583509478600
ПолучательКПП=0
ПолучательРасчСчет=40802810048000010947
ПолучательБанк1=ПЕНЗЕНСКОЕ ОТДЕЛЕНИЕ N8624 ПАО СБЕРБАНК, г.Пенза
ПолучательБИК=045655635
ПолучательКорсчет=30101810000000000635
ВидПлатежа=электронно
ВидОплаты=01
Код=0
СтатусСоставителя=
ПоказательКБК=
ОКАТО=
ПоказательОснования=
ПоказательПериода=
ПоказательНомера=
ПоказательДаты=
ПоказательТипа=
Очередность=5
НазначениеПлатежа=Оплата за проведение предпроектныхизысканий по объектам сетей газораспределения в д. Лехово Невельскогорайона Псковской обл. Без НДС
КонецДокумента
СекцияДокумент=Платежное поручение
Номер=36
Дата=08.05.2024
Сумма=185025
ПлательщикСчет=40802810048000010947
ДатаСписано=08.05.2024
Плательщик=ИНДИВИДУАЛЬНЫЙ ПРЕДПРИНИМАТЕЛЬ НИКИТИН ВЯЧЕСЛАВ ВЯЧЕСЛАВОВИЧ
ПлательщикИНН=583509478600
ПлательщикКПП=
ПлательщикРасчСчет=40802810048000010947
ПлательщикБанк1=ПЕНЗЕНСКОЕ ОТДЕЛЕНИЕ N8624 ПАО СБЕРБАНК, г.Пенза
ПлательщикБИК=045655635
ПлательщикКорсчет=30101810000000000635
ПолучательСчет=40702810507000010885
ДатаПоступило=
Получатель=ООО "ЦЭС И Э"
ПолучательИНН=3123308601
ПолучательКПП=312301001
ПолучательРасчСчет=40702810507000010885
ПолучательБанк1=БЕЛГОРОДСКОЕ ОТДЕЛЕНИЕ N8592 ПАО СБЕРБАНК, г.Белгород
ПолучательБИК=041403633
ПолучательКорсчет=30101810100000000633
ВидПлатежа=электронно
ВидОплаты=01
Код=
СтатусСоставителя=
ПоказательКБК=
ОКАТО=
ПоказательОснования=
ПоказательПериода=
ПоказательНомера=
ПоказательДаты=
ПоказательТипа=
Очередность=5
НазначениеПлатежа=Проведение измерений и анализов (включая отбор проб) лабораториями аналитического контроля. Оплата по дог.№-36/ИЛ от 22.04.2024 г., счет № -36/ИЛ-01-85 от 22.04.2024 г. НДС не облагается.
КонецДокумента
СекцияДокумент=Платежное поручение
Номер=1820
Дата=08.05.2024
Сумма=244000
ПлательщикСчет=40802810048000010947
ДатаСписано=08.05.2024
Плательщик=ИНДИВИДУАЛЬНЫЙ ПРЕДПРИНИМАТЕЛЬ НИКИТИН ВЯЧЕСЛАВ ВЯЧЕСЛАВОВИЧ
ПлательщикИНН=583509478600
ПлательщикКПП=
ПлательщикРасчСчет=40802810048000010947
ПлательщикБанк1=ПЕНЗЕНСКОЕ ОТДЕЛЕНИЕ N8624 ПАО СБЕРБАНК, г.Пенза
ПлательщикБИК=045655635
ПлательщикКорсчет=30101810000000000635
ПолучательСчет=
ДатаПоступило=
Получатель=ПАО Сбербанк
ПолучательИНН=7707083893
ПолучательКПП=773601001
ПолучательРасчСчет=
ПолучательБанк1=ПАО Сбербанк, г.Москва
ПолучательБИК=044525225
ПолучательКорсчет=30101810400000000225
ВидПлатежа=электронно
ВидОплаты=01
Код=0
СтатусСоставителя=
ПоказательКБК=
ОКАТО=
ПоказательОснования=
ПоказательПериода=
ПоказательНомера=
ПоказательДаты=
ПоказательТипа=
Очередность=3
НазначениеПлатежа=Денежное вознаграждение по реестру №57 от 08.05.2024 в соответствии с Договором 89054178 от 27.01.2022
КонецДокумента
СекцияДокумент=Платежное поручение
Номер=2609
Дата=08.05.2024
Сумма=256000
ПлательщикСчет=40802810048000010947
ДатаСписано=08.05.2024
Плательщик=ИНДИВИДУАЛЬНЫЙ ПРЕДПРИНИМАТЕЛЬ НИКИТИН ВЯЧЕСЛАВ ВЯЧЕСЛАВОВИЧ
ПлательщикИНН=583509478600
ПлательщикКПП=
ПлательщикРасчСчет=40802810048000010947
ПлательщикБанк1=ПЕНЗЕНСКОЕ ОТДЕЛЕНИЕ N8624 ПАО СБЕРБАНК, г.Пенза
ПлательщикБИК=045655635
ПлательщикКорсчет=30101810000000000635
ПолучательСчет=
ДатаПоступило=
Получатель=ПАО Сбербанк
ПолучательИНН=7707083893
ПолучательКПП=773601001
ПолучательРасчСчет=
ПолучательБанк1=ПАО Сбербанк, г.Москва
ПолучательБИК=044525225
ПолучательКорсчет=30101810400000000225
ВидПлатежа=электронно
ВидОплаты=01
Код=0
СтатусСоставителя=
ПоказательКБК=
ОКАТО=
ПоказательОснования=
ПоказательПериода=
ПоказательНомера=
ПоказательДаты=
ПоказательТипа=
Очередность=3
НазначениеПлатежа=Денежное вознаграждение по реестру №58 от 08.05.2024 в соответствии с Договором 89054178 от 27.01.2022
КонецДокумента
СекцияДокумент=Платежное поручение
Номер=30273
Дата=08.05.2024
Сумма=265750
ПлательщикСчет=40802810048000010947
ДатаСписано=08.05.2024
Плательщик=ИНДИВИДУАЛЬНЫЙ ПРЕДПРИНИМАТЕЛЬ НИКИТИН ВЯЧЕСЛАВ ВЯЧЕСЛАВОВИЧ
ПлательщикИНН=583509478600
ПлательщикКПП=
ПлательщикРасчСчет=40802810048000010947
ПлательщикБанк1=ПЕНЗЕНСКОЕ ОТДЕЛЕНИЕ N8624 ПАО СБЕРБАНК, г.Пенза
ПлательщикБИК=045655635
ПлательщикКорсчет=30101810000000000635
ПолучательСчет=
ДатаПоступило=
Получатель=ПАО Сбербанк
ПолучательИНН=7707083893
ПолучательКПП=773601001
ПолучательРасчСчет=
ПолучательБанк1=ПАО Сбербанк, г.Москва
ПолучательБИК=044525225
ПолучательКорсчет=30101810400000000225
ВидПлатежа=электронно
ВидОплаты=01
Код=0
СтатусСоставителя=
ПоказательКБК=
ОКАТО=
ПоказательОснования=
ПоказательПериода=
ПоказательНомера=
ПоказательДаты=
ПоказательТипа=
Очередность=5
НазначениеПлатежа=Выплаты по договорам с физ. лицами (422-ФЗ) по реестру №59 от 08.05.2024 в соответствии с Договором 89054178 от 27.01.2022
КонецДокумента
СекцияДокумент=Банковский ордер
Номер=204254
Дата=13.05.2024
Сумма=398
ПлательщикСчет=40802810048000010947
ДатаСписано=13.05.2024
Плательщик=ИНДИВИДУАЛЬНЫЙ ПРЕДПРИНИМАТЕЛЬ НИКИТИН ВЯЧЕСЛАВ ВЯЧЕСЛАВОВИЧ
ПлательщикИНН=583509478600
ПлательщикКПП=
ПлательщикРасчСчет=40802810048000010947
ПлательщикБанк1=ПЕНЗЕНСКОЕ ОТДЕЛЕНИЕ N8624 ПАО СБЕРБАНК, г.Пенза
ПлательщикБИК=045655635
ПлательщикКорсчет=30101810000000000635
ПолучательСчет=70601810948002720302
ДатаПоступило=
Получатель=ПЕНЗЕНСКОЕ ОТДЕЛЕНИЕ N8624 ПАО СБЕРБАНК
ПолучательИНН=7707083893
ПолучательКПП=583402001
ПолучательРасчСчет=70601810948002720302
ПолучательБанк1=ПЕНЗЕНСКОЕ ОТДЕЛЕНИЕ N8624 ПАО СБЕРБАНК, г.Пенза
ПолучательБИК=045655635
ПолучательКорсчет=30101810000000000635
ВидПлатежа=0
ВидОплаты=17
Код=
СтатусСоставителя=
ПоказательКБК=
ОКАТО=
ПоказательОснования=
ПоказательПериода=
ПоказательНомера=
ПоказательДаты=
ПоказательТипа=
Очередность=5
НазначениеПлатежа=Комиссия в другие банки (кредитные организации, Банк России) за ПП/ПТ через ДБО согласно договору РКО №40802810048000010947 от '03/04/2019'. Документы:  Документ(ы):; от 13/05/24 №№: 38 (40000 RUR  ), 39 (50000
КонецДокумента
СекцияДокумент=Платежное требование
Номер=13645
Дата=13.05.2024
Сумма=1594.71
ПлательщикСчет=40802810048000010947
ДатаСписано=13.05.2024
Плательщик=НИКИТИН ВЯЧЕСЛАВ ВЯЧЕСЛАВОВИЧ
ПлательщикИНН=583509478600
ПлательщикКПП=
ПлательщикРасчСчет=40802810048000010947
ПлательщикБанк1=ПЕНЗЕНСКОЕ ОТДЕЛЕНИЕ N8624 ПАО СБЕРБАНК, г.Пенза
ПлательщикБИК=045655635
ПлательщикКорсчет=30101810000000000635
ПолучательСчет=70601810254002720310
ДатаПоступило=
Получатель=ПОВОЛЖСКИЙ БАНК ПАО СБЕРБАНК Г.САМАРА
ПолучательИНН=7707083893
ПолучательКПП=631602001
ПолучательРасчСчет=70601810254002720310
ПолучательБанк1=ПОВОЛЖСКИЙ БАНК ПАО СБЕРБАНК, г.Самара
ПолучательБИК=043601607
ПолучательКорсчет=30101810200000000607
ВидПлатежа=электронно
ВидОплаты=02
Код=0
СтатусСоставителя=
ПоказательКБК=
ОКАТО=
ПоказательОснования=
ПоказательПериода=
ПоказательНомера=
ПоказательДаты=
ПоказательТипа=
Очередность=5
НазначениеПлатежа=Оплата комиссии за оказание услуг по зачислению денежных средств. За период с 27.04.2024 по 12.05.2024. Договор от 27.01.2022 № 89054178. НДС не облагается.
КонецДокумента
СекцияДокумент=Платежное поручение
Номер=37
Дата=13.05.2024
Сумма=2396.81
ПлательщикСчет=40802810048000010947
ДатаСписано=13.05.2024
Плательщик=ИНДИВИДУАЛЬНЫЙ ПРЕДПРИНИМАТЕЛЬ НИКИТИН ВЯЧЕСЛАВ ВЯЧЕСЛАВОВИЧ
ПлательщикИНН=583509478600
ПлательщикКПП=0
ПлательщикРасчСчет=40802810048000010947
ПлательщикБанк1=ПЕНЗЕНСКОЕ ОТДЕЛЕНИЕ N8624 ПАО СБЕРБАНК, г.Пенза
ПлательщикБИК=045655635
ПлательщикКорсчет=30101810000000000635
ПолучательСчет=03100643000000015500
ДатаПоступило=
Получатель=МИНГОСИМУЩЕСТВО ПЕНЗЕНСКОЙ ОБЛАСТИ
ПолучательИНН=5836010385
ПолучательКПП=583501001
ПолучательРасчСчет=03100643000000015500
ПолучательБанк1=ОТДЕЛЕНИЕ ПЕНЗА БАНКА РОССИИ//УФК по Пензенской области, г.Пенза
ПолучательБИК=015655003
ПолучательКорсчет=40102810045370000047
ВидПлатежа=электронно
ВидОплаты=01
Код=0
СтатусСоставителя=01
ПоказательКБК=86611105022020000120
ОКАТО=56701000
ПоказательОснования=0
ПоказательПериода=0
ПоказательНомера=0
ПоказательДаты=0
ПоказательТипа=
Очередность=5
НазначениеПлатежа=Оплата по договору аренды земельного участка № 97 от 20.11.2009г. НДС не облагается.
КонецДокумента
СекцияДокумент=Платежное поручение
Номер=38
Дата=13.05.2024
Сумма=40000
ПлательщикСчет=40802810048000010947
ДатаСписано=13.05.2024
Плательщик=ИНДИВИДУАЛЬНЫЙ ПРЕДПРИНИМАТЕЛЬ НИКИТИН ВЯЧЕСЛАВ ВЯЧЕСЛАВОВИЧ
ПлательщикИНН=583509478600
ПлательщикКПП=
ПлательщикРасчСчет=40802810048000010947
ПлательщикБанк1=ПЕНЗЕНСКОЕ ОТДЕЛЕНИЕ N8624 ПАО СБЕРБАНК, г.Пенза
ПлательщикБИК=045655635
ПлательщикКорсчет=30101810000000000635
ПолучательСчет=40702810224420000226
ДатаПоступило=
Получатель=ООО "ГК"
ПолучательИНН=5948032605
ПолучательКПП=594801001
ПолучательРасчСчет=40702810224420000226
ПолучательБанк1=ФИЛИАЛ "ЦЕНТРАЛЬНЫЙ" БАНКА ВТБ (ПАО), г.Москва
ПолучательБИК=044525411
ПолучательКорсчет=30101810145250000411
ВидПлатежа=электронно
ВидОплаты=01
Код=
СтатусСоставителя=
ПоказательКБК=
ОКАТО=
ПоказательОснования=
ПоказательПериода=
ПоказательНомера=
ПоказательДаты=
ПоказательТипа=
Очередность=5
НазначениеПлатежа=Оплата по счету №287 от 13 мая 2024 г. на основании договора №0519-1/2024 от 13.05.2024 г. НДС не облагается.
КонецДокумента
СекцияДокумент=Платежное поручение
Номер=40
Дата=13.05.2024
Сумма=50000
ПлательщикСчет=40802810048000010947
ДатаСписано=13.05.2024
Плательщик=ИНДИВИДУАЛЬНЫЙ ПРЕДПРИНИМАТЕЛЬ НИКИТИН ВЯЧЕСЛАВ ВЯЧЕСЛАВОВИЧ
ПлательщикИНН=583509478600
ПлательщикКПП=
ПлательщикРасчСчет=40802810048000010947
ПлательщикБанк1=ПЕНЗЕНСКОЕ ОТДЕЛЕНИЕ N8624 ПАО СБЕРБАНК, г.Пенза
ПлательщикБИК=045655635
ПлательщикКорсчет=30101810000000000635
ПолучательСчет=40702810405000001976
ДатаПоступило=
Получатель=ООО "КОНТИНЕНТ"
ПолучательИНН=3025008536
ПолучательКПП=301501001
ПолучательРасчСчет=40702810405000001976
ПолучательБанк1=АСТРАХАНСКОЕ ОТДЕЛЕНИЕ N8625 ПАО СБЕРБАНК, г.Астрахань
ПолучательБИК=041203602
ПолучательКорсчет=30101810500000000602
ВидПлатежа=электронно
ВидОплаты=01
Код=
СтатусСоставителя=
ПоказательКБК=
ОКАТО=
ПоказательОснования=
ПоказательПериода=
ПоказательНомера=
ПоказательДаты=
ПоказательТипа=
Очередность=5
НазначениеПлатежа=Оплата по счету №96 от 27.10.2022 г. НДС не облагается.
КонецДокумента
СекцияДокумент=Платежное поручение
Номер=39
Дата=13.05.2024
Сумма=50000
ПлательщикСчет=40802810048000010947
ДатаСписано=13.05.2024
Плательщик=ИНДИВИДУАЛЬНЫЙ ПРЕДПРИНИМАТЕЛЬ НИКИТИН ВЯЧЕСЛАВ ВЯЧЕСЛАВОВИЧ
ПлательщикИНН=583509478600
ПлательщикКПП=
ПлательщикРасчСчет=40802810048000010947
ПлательщикБанк1=ПЕНЗЕНСКОЕ ОТДЕЛЕНИЕ N8624 ПАО СБЕРБАНК, г.Пенза
ПлательщикБИК=045655635
ПлательщикКорсчет=30101810000000000635
ПолучательСчет=40702810800000007774
ДатаПоступило=
Получатель=ООО "ВЯТИЗЫСКАНИЯ"
ПолучательИНН=4345111559
ПолучательКПП=434501001
ПолучательРасчСчет=40702810800000007774
ПолучательБанк1=АО КБ "ХЛЫНОВ", г.Киров
ПолучательБИК=043304711
ПолучательКорсчет=30101810100000000711
ВидПлатежа=электронно
ВидОплаты=01
Код=
СтатусСоставителя=
ПоказательКБК=
ОКАТО=
ПоказательОснования=
ПоказательПериода=
ПоказательНомера=
ПоказательДаты=
ПоказательТипа=
Очередность=5
НазначениеПлатежа=Оплата по счету № 51 от 02 апреля 2024 г. по договору № 2611-23 от 26.07.2023 г. НДС не облагается.
КонецДокумента
СекцияДокумент=Банковский ордер
Номер=288151
Дата=14.05.2024
Сумма=398
ПлательщикСчет=40802810048000010947
ДатаСписано=14.05.2024
Плательщик=ИНДИВИДУАЛЬНЫЙ ПРЕДПРИНИМАТЕЛЬ НИКИТИН ВЯЧЕСЛАВ ВЯЧЕСЛАВОВИЧ
ПлательщикИНН=583509478600
ПлательщикКПП=
ПлательщикРасчСчет=40802810048000010947
ПлательщикБанк1=ПЕНЗЕНСКОЕ ОТДЕЛЕНИЕ N8624 ПАО СБЕРБАНК, г.Пенза
ПлательщикБИК=045655635
ПлательщикКорсчет=30101810000000000635
ПолучательСчет=70601810948002720302
ДатаПоступило=
Получатель=ПЕНЗЕНСКОЕ ОТДЕЛЕНИЕ N8624 ПАО СБЕРБАНК
ПолучательИНН=7707083893
ПолучательКПП=583402001
ПолучательРасчСчет=70601810948002720302
ПолучательБанк1=ПЕНЗЕНСКОЕ ОТДЕЛЕНИЕ N8624 ПАО СБЕРБАНК, г.Пенза
ПолучательБИК=045655635
ПолучательКорсчет=30101810000000000635
ВидПлатежа=0
ВидОплаты=17
Код=
СтатусСоставителя=
ПоказательКБК=
ОКАТО=
ПоказательОснования=
ПоказательПериода=
ПоказательНомера=
ПоказательДаты=
ПоказательТипа=
Очередность=5
НазначениеПлатежа=Комиссия в другие банки (кредитные организации, Банк России) за ПП/ПТ через ДБО согласно договору РКО №40802810048000010947 от '03/04/2019'. Документы:  Документ(ы):; от 14/05/24 №№: 41 (200000 RUR  ), 42 (5640
КонецДокумента
СекцияДокумент=Платежное поручение
Номер=42
Дата=14.05.2024
Сумма=56400
ПлательщикСчет=40802810048000010947
ДатаСписано=14.05.2024
Плательщик=ИНДИВИДУАЛЬНЫЙ ПРЕДПРИНИМАТЕЛЬ НИКИТИН ВЯЧЕСЛАВ ВЯЧЕСЛАВОВИЧ
ПлательщикИНН=583509478600
ПлательщикКПП=
ПлательщикРасчСчет=40802810048000010947
ПлательщикБанк1=ПЕНЗЕНСКОЕ ОТДЕЛЕНИЕ N8624 ПАО СБЕРБАНК, г.Пенза
ПлательщикБИК=045655635
ПлательщикКорсчет=30101810000000000635
ПолучательСчет=40817810807460068513
ДатаПоступило=
Получатель=Никитин Вячеслав Вячеславович
ПолучательИНН=583509478600
ПолучательКПП=
ПолучательРасчСчет=40817810807460068513
ПолучательБанк1=АО "АЛЬФА-БАНК", г.Москва
ПолучательБИК=044525593
ПолучательКорсчет=30101810200000000593
ВидПлатежа=электронно
ВидОплаты=01
Код=
СтатусСоставителя=
ПоказательКБК=
ОКАТО=
ПоказательОснования=
ПоказательПериода=
ПоказательНомера=
ПоказательДаты=
ПоказательТипа=
Очередность=5
НазначениеПлатежа=Перевод собственных денежных средств. НДС не облагается.
КонецДокумента
СекцияДокумент=Платежное поручение
Номер=41
Дата=14.05.2024
Сумма=200000
ПлательщикСчет=40802810048000010947
ДатаСписано=14.05.2024
Плательщик=ИНДИВИДУАЛЬНЫЙ ПРЕДПРИНИМАТЕЛЬ НИКИТИН ВЯЧЕСЛАВ ВЯЧЕСЛАВОВИЧ
ПлательщикИНН=583509478600
ПлательщикКПП=
ПлательщикРасчСчет=40802810048000010947
ПлательщикБанк1=ПЕНЗЕНСКОЕ ОТДЕЛЕНИЕ N8624 ПАО СБЕРБАНК, г.Пенза
ПлательщикБИК=045655635
ПлательщикКорсчет=30101810000000000635
ПолучательСчет=40802810424870001829
ДатаПоступило=
Получатель=ИП НИКИТИН ВЯЧЕСЛАВ ВЯЧЕСЛАВОВИЧ
ПолучательИНН=583509478600
ПолучательКПП=
ПолучательРасчСчет=40802810424870001829
ПолучательБанк1=ПРИВОЛЖСКИЙ ФИЛИАЛ ПАО РОСБАНК, г.Нижний Новгород
ПолучательБИК=042202747
ПолучательКорсчет=30101810400000000747
ВидПлатежа=электронно
ВидОплаты=01
Код=
СтатусСоставителя=
ПоказательКБК=
ОКАТО=
ПоказательОснования=
ПоказательПериода=
ПоказательНомера=
ПоказательДаты=
ПоказательТипа=
Очередность=5
НазначениеПлатежа=Перевод собственных денежных средств. НДС не облагается.
КонецДокумента
СекцияДокумент=Платежное поручение
Номер=928
Дата=15.05.2024
Сумма=248000
ПлательщикСчет=40702810448000011196
ДатаСписано=
Плательщик=ООО "ВЭСТ"
ПлательщикИНН=5836684401
ПлательщикКПП=583701001
ПлательщикРасчСчет=40702810448000011196
ПлательщикБанк1=ПЕНЗЕНСКОЕ ОТДЕЛЕНИЕ N8624 ПАО СБЕРБАНК, г.Пенза
ПлательщикБИК=045655635
ПлательщикКорсчет=30101810000000000635
ПолучательСчет=40802810048000010947
ДатаПоступило=15.05.2024
Получатель=Индивидуальный предприниматель Никитин Вячеслав Вячеславович
ПолучательИНН=583509478600
ПолучательКПП=
ПолучательРасчСчет=40802810048000010947
ПолучательБанк1=ПЕНЗЕНСКОЕ ОТДЕЛЕНИЕ N8624 ПАО СБЕРБАНК, г.Пенза
ПолучательБИК=045655635
ПолучательКорсчет=30101810000000000635
ВидПлатежа=электронно
ВидОплаты=01
Код=
СтатусСоставителя=
ПоказательКБК=
ОКАТО=
ПоказательОснования=
ПоказательПериода=
ПоказательНомера=
ПоказательДаты=
ПоказательТипа=
Очередность=5
НазначениеПлатежа=Погашение задолженности  по договору №21-н1854-1 от 31.08.2021 г. НДС не облагается.
КонецДокумента
СекцияДокумент=Платежное поручение
Номер=812655
Дата=16.05.2024
Сумма=227000
ПлательщикСчет=40802810048000010947
ДатаСписано=16.05.2024
Плательщик=ИНДИВИДУАЛЬНЫЙ ПРЕДПРИНИМАТЕЛЬ НИКИТИН ВЯЧЕСЛАВ ВЯЧЕСЛАВОВИЧ
ПлательщикИНН=583509478600
ПлательщикКПП=
ПлательщикРасчСчет=40802810048000010947
ПлательщикБанк1=ПЕНЗЕНСКОЕ ОТДЕЛЕНИЕ N8624 ПАО СБЕРБАНК, г.Пенза
ПлательщикБИК=045655635
ПлательщикКорсчет=30101810000000000635
ПолучательСчет=
ДатаПоступило=
Получатель=ПАО Сбербанк
ПолучательИНН=7707083893
ПолучательКПП=773601001
ПолучательРасчСчет=
ПолучательБанк1=ПАО Сбербанк, г.Москва
ПолучательБИК=044525225
ПолучательКорсчет=30101810400000000225
ВидПлатежа=электронно
ВидОплаты=01
Код=0
СтатусСоставителя=
ПоказательКБК=
ОКАТО=
ПоказательОснования=
ПоказательПериода=
ПоказательНомера=
ПоказательДаты=
ПоказательТипа=
Очередность=3
НазначениеПлатежа=Денежное вознаграждение по реестру №2 от 16.05.2024 в соответствии с Договором 89054178 от 27.01.2022
КонецДокумента
СекцияДокумент=Платежное поручение
Номер=812640
Дата=16.05.2024
Сумма=329000
ПлательщикСчет=40802810048000010947
ДатаСписано=16.05.2024
Плательщик=ИНДИВИДУАЛЬНЫЙ ПРЕДПРИНИМАТЕЛЬ НИКИТИН ВЯЧЕСЛАВ ВЯЧЕСЛАВОВИЧ
ПлательщикИНН=583509478600
ПлательщикКПП=
ПлательщикРасчСчет=40802810048000010947
ПлательщикБанк1=ПЕНЗЕНСКОЕ ОТДЕЛЕНИЕ N8624 ПАО СБЕРБАНК, г.Пенза
ПлательщикБИК=045655635
ПлательщикКорсчет=30101810000000000635
ПолучательСчет=
ДатаПоступило=
Получатель=ПАО Сбербанк
ПолучательИНН=7707083893
ПолучательКПП=773601001
ПолучательРасчСчет=
ПолучательБанк1=ПАО Сбербанк, г.Москва
ПолучательБИК=044525225
ПолучательКорсчет=30101810400000000225
ВидПлатежа=электронно
ВидОплаты=01
Код=0
СтатусСоставителя=
ПоказательКБК=
ОКАТО=
ПоказательОснования=
ПоказательПериода=
ПоказательНомера=
ПоказательДаты=
ПоказательТипа=
Очередность=3
НазначениеПлатежа=Денежное вознаграждение по реестру №1 от 16.05.2024 в соответствии с Договором 89054178 от 27.01.2022
КонецДокумента
СекцияДокумент=Платежное поручение
Номер=181546
Дата=16.05.2024
Сумма=19196.51
ПлательщикСчет=03222643560000005500
ДатаСписано=
Плательщик=МИНИСТЕРСТВО ФИНАНСОВ ПЕНЗЕНСКОЙ ОБЛАСТИ
ПлательщикИНН=5836013717
ПлательщикКПП=583601001
ПлательщикРасчСчет=03222643560000005500
ПлательщикБанк1=ОТДЕЛЕНИЕ ПЕНЗА БАНКА РОССИИ//УФК по Пензенской области, г.Пенза
ПлательщикБИК=015655003
ПлательщикКорсчет=40102810045370000047
ПолучательСчет=40802810048000010947
ДатаПоступило=16.05.2024
Получатель=Индивидуальный предприниматель Никитин Вячеслав Вячеславович
ПолучательИНН=583509478600
ПолучательКПП=0
ПолучательРасчСчет=40802810048000010947
ПолучательБанк1=ПЕНЗЕНСКОЕ ОТДЕЛЕНИЕ N8624 ПАО СБЕРБАНК, г.Пенза
ПолучательБИК=045655635
ПолучательКорсчет=30101810000000000635
ВидПлатежа=электронно
ВидОплаты=01
Код=0
СтатусСоставителя=
ПоказательКБК=
ОКАТО=
ПоказательОснования=
ПоказательПериода=
ПоказательНомера=
ПоказательДаты=
ПоказательТипа=
Очередность=5
НазначениеПлатежа=л/с 813D004203 Возврат обеспечения исполнения контракта N 01552000022210004480001 от 24.08.2021
КонецДокумента
СекцияДокумент=Платежное поручение
Номер=181547
Дата=16.05.2024
Сумма=45000
ПлательщикСчет=03222643560000005500
ДатаСписано=
Плательщик=МИНИСТЕРСТВО ФИНАНСОВ ПЕНЗЕНСКОЙ ОБЛАСТИ
ПлательщикИНН=5836013717
ПлательщикКПП=583601001
ПлательщикРасчСчет=03222643560000005500
ПлательщикБанк1=ОТДЕЛЕНИЕ ПЕНЗА БАНКА РОССИИ//УФК по Пензенской области, г.Пенза
ПлательщикБИК=015655003
ПлательщикКорсчет=40102810045370000047
ПолучательСчет=40802810048000010947
ДатаПоступило=16.05.2024
Получатель=Индивидуальный предприниматель Никитин Вячеслав Вячеславович
ПолучательИНН=583509478600
ПолучательКПП=0
ПолучательРасчСчет=40802810048000010947
ПолучательБанк1=ПЕНЗЕНСКОЕ ОТДЕЛЕНИЕ N8624 ПАО СБЕРБАНК, г.Пенза
ПолучательБИК=045655635
ПолучательКорсчет=30101810000000000635
ВидПлатежа=электронно
ВидОплаты=01
Код=0
СтатусСоставителя=
ПоказательКБК=
ОКАТО=
ПоказательОснования=
ПоказательПериода=
ПоказательНомера=
ПоказательДаты=
ПоказательТипа=
Очередность=5
НазначениеПлатежа=л/с 813D004203 Возврат обеспечения исполнения контракта N 08552000005220018020001 от 22.08.2022
КонецДокумента
СекцияДокумент=Платежное поручение
Номер=181545
Дата=16.05.2024
Сумма=67073.28
ПлательщикСчет=03222643560000005500
ДатаСписано=
Плательщик=МИНИСТЕРСТВО ФИНАНСОВ ПЕНЗЕНСКОЙ ОБЛАСТИ
ПлательщикИНН=5836013717
ПлательщикКПП=583601001
ПлательщикРасчСчет=03222643560000005500
ПлательщикБанк1=ОТДЕЛЕНИЕ ПЕНЗА БАНКА РОССИИ//УФК по Пензенской области, г.Пенза
ПлательщикБИК=015655003
ПлательщикКорсчет=40102810045370000047
ПолучательСчет=40802810048000010947
ДатаПоступило=16.05.2024
Получатель=Индивидуальный предприниматель Никитин Вячеслав Вячеславович
ПолучательИНН=583509478600
ПолучательКПП=0
ПолучательРасчСчет=40802810048000010947
ПолучательБанк1=ПЕНЗЕНСКОЕ ОТДЕЛЕНИЕ N8624 ПАО СБЕРБАНК, г.Пенза
ПолучательБИК=045655635
ПолучательКорсчет=30101810000000000635
ВидПлатежа=электронно
ВидОплаты=01
Код=0
СтатусСоставителя=
ПоказательКБК=
ОКАТО=
ПоказательОснования=
ПоказательПериода=
ПоказательНомера=
ПоказательДаты=
ПоказательТипа=
Очередность=5
НазначениеПлатежа=л/с 813D004203 Возврат обеспечения исполнения контракта N 01552000022210004450001 от 20.08.2021
КонецДокумента
СекцияДокумент=Платежное поручение
Номер=951
Дата=16.05.2024
Сумма=1348000
ПлательщикСчет=40702810448000011196
ДатаСписано=
Плательщик=ООО "ВЭСТ"
ПлательщикИНН=5836684401
ПлательщикКПП=583701001
ПлательщикРасчСчет=40702810448000011196
ПлательщикБанк1=ПЕНЗЕНСКОЕ ОТДЕЛЕНИЕ N8624 ПАО СБЕРБАНК, г.Пенза
ПлательщикБИК=045655635
ПлательщикКорсчет=30101810000000000635
ПолучательСчет=40802810048000010947
ДатаПоступило=16.05.2024
Получатель=Индивидуальный предприниматель Никитин Вячеслав Вячеславович
ПолучательИНН=583509478600
ПолучательКПП=
ПолучательРасчСчет=40802810048000010947
ПолучательБанк1=ПЕНЗЕНСКОЕ ОТДЕЛЕНИЕ N8624 ПАО СБЕРБАНК, г.Пенза
ПолучательБИК=045655635
ПолучательКорсчет=30101810000000000635
ВидПлатежа=электронно
ВидОплаты=01
Код=
СтатусСоставителя=
ПоказательКБК=
ОКАТО=
ПоказательОснования=
ПоказательПериода=
ПоказательНомера=
ПоказательДаты=
ПоказательТипа=
Очередность=5
НазначениеПлатежа=Оплата за выполнение инж.-геодез. и инж.-геолог. изысканий на территории Кемеровской области по договору субподряда №К14-23/2066/СУБ от 29.06.2023г. НДС не облагается.
КонецДокумента
СекцияДокумент=Банковский ордер
Номер=551467
Дата=17.05.2024
Сумма=199
ПлательщикСчет=40802810048000010947
ДатаСписано=17.05.2024
Плательщик=ИНДИВИДУАЛЬНЫЙ ПРЕДПРИНИМАТЕЛЬ НИКИТИН ВЯЧЕСЛАВ ВЯЧЕСЛАВОВИЧ
ПлательщикИНН=583509478600
ПлательщикКПП=
ПлательщикРасчСчет=40802810048000010947
ПлательщикБанк1=ПЕНЗЕНСКОЕ ОТДЕЛЕНИЕ N8624 ПАО СБЕРБАНК, г.Пенза
ПлательщикБИК=045655635
ПлательщикКорсчет=30101810000000000635
ПолучательСчет=70601810948002720302
ДатаПоступило=
Получатель=ПЕНЗЕНСКОЕ ОТДЕЛЕНИЕ N8624 ПАО СБЕРБАНК
ПолучательИНН=7707083893
ПолучательКПП=583402001
ПолучательРасчСчет=70601810948002720302
ПолучательБанк1=ПЕНЗЕНСКОЕ ОТДЕЛЕНИЕ N8624 ПАО СБЕРБАНК, г.Пенза
ПолучательБИК=045655635
ПолучательКорсчет=30101810000000000635
ВидПлатежа=0
ВидОплаты=17
Код=
СтатусСоставителя=
ПоказательКБК=
ОКАТО=
ПоказательОснования=
ПоказательПериода=
ПоказательНомера=
ПоказательДаты=
ПоказательТипа=
Очередность=5
НазначениеПлатежа=Комиссия в другие банки (кредитные организации, Банк России) за ПП/ПТ через ДБО согласно договору РКО №40802810048000010947 от '03/04/2019'. Документы: №43 (4000 RUR  ) от 17/05/24 Без НДС
КонецДокумента
СекцияДокумент=Платежное поручение
Номер=43
Дата=17.05.2024
Сумма=4000
ПлательщикСчет=40802810048000010947
ДатаСписано=17.05.2024
Плательщик=ИНДИВИДУАЛЬНЫЙ ПРЕДПРИНИМАТЕЛЬ НИКИТИН ВЯЧЕСЛАВ ВЯЧЕСЛАВОВИЧ
ПлательщикИНН=583509478600
ПлательщикКПП=
ПлательщикРасчСчет=40802810048000010947
ПлательщикБанк1=ПЕНЗЕНСКОЕ ОТДЕЛЕНИЕ N8624 ПАО СБЕРБАНК, г.Пенза
ПлательщикБИК=045655635
ПлательщикКорсчет=30101810000000000635
ПолучательСчет=40702810829100002349
ДатаПоступило=
Получатель=ООО "АТОМ"
ПолучательИНН=1840087440
ПолучательКПП=184001001
ПолучательРасчСчет=40702810829100002349
ПолучательБанк1=ФИЛИАЛ "НИЖЕГОРОДСКИЙ" АО "АЛЬФА-БАНК", г.Нижний Новгород
ПолучательБИК=042202824
ПолучательКорсчет=30101810200000000824
ВидПлатежа=электронно
ВидОплаты=01
Код=
СтатусСоставителя=
ПоказательКБК=
ОКАТО=
ПоказательОснования=
ПоказательПериода=
ПоказательНомера=
ПоказательДаты=
ПоказательТипа=
Очередность=5
НазначениеПлатежа=Оплата за аренду помещения по счету №14 от 15 мая 2024 г. НДС не облагается.
КонецДокумента
СекцияДокумент=Платежное поручение
Номер=885082
Дата=17.05.2024
Сумма=184000
ПлательщикСчет=40802810048000010947
ДатаСписано=17.05.2024
Плательщик=ИНДИВИДУАЛЬНЫЙ ПРЕДПРИНИМАТЕЛЬ НИКИТИН ВЯЧЕСЛАВ ВЯЧЕСЛАВОВИЧ
ПлательщикИНН=583509478600
ПлательщикКПП=
ПлательщикРасчСчет=40802810048000010947
ПлательщикБанк1=ПЕНЗЕНСКОЕ ОТДЕЛЕНИЕ N8624 ПАО СБЕРБАНК, г.Пенза
ПлательщикБИК=045655635
ПлательщикКорсчет=30101810000000000635
ПолучательСчет=
ДатаПоступило=
Получатель=ПАО Сбербанк
ПолучательИНН=7707083893
ПолучательКПП=773601001
ПолучательРасчСчет=
ПолучательБанк1=ПАО Сбербанк, г.Москва
ПолучательБИК=044525225
ПолучательКорсчет=30101810400000000225
ВидПлатежа=электронно
ВидОплаты=01
Код=0
СтатусСоставителя=
ПоказательКБК=
ОКАТО=
ПоказательОснования=
ПоказательПериода=
ПоказательНомера=
ПоказательДаты=
ПоказательТипа=
Очередность=3
НазначениеПлатежа=Денежное вознаграждение по реестру №3 от 17.05.2024 в соответствии с Договором 89054178 от 27.01.2022
КонецДокумента
СекцияДокумент=Платежное поручение
Номер=925082
Дата=17.05.2024
Сумма=200000
ПлательщикСчет=40802810048000010947
ДатаСписано=17.05.2024
Плательщик=ИНДИВИДУАЛЬНЫЙ ПРЕДПРИНИМАТЕЛЬ НИКИТИН ВЯЧЕСЛАВ ВЯЧЕСЛАВОВИЧ
ПлательщикИНН=583509478600
ПлательщикКПП=
ПлательщикРасчСчет=40802810048000010947
ПлательщикБанк1=ПЕНЗЕНСКОЕ ОТДЕЛЕНИЕ N8624 ПАО СБЕРБАНК, г.Пенза
ПлательщикБИК=045655635
ПлательщикКорсчет=30101810000000000635
ПолучательСчет=
ДатаПоступило=
Получатель=ПАО Сбербанк
ПолучательИНН=7707083893
ПолучательКПП=773601001
ПолучательРасчСчет=
ПолучательБанк1=ПАО Сбербанк, г.Москва
ПолучательБИК=044525225
ПолучательКорсчет=30101810400000000225
ВидПлатежа=электронно
ВидОплаты=01
Код=0
СтатусСоставителя=
ПоказательКБК=
ОКАТО=
ПоказательОснования=
ПоказательПериода=
ПоказательНомера=
ПоказательДаты=
ПоказательТипа=
Очередность=3
НазначениеПлатежа=Денежное вознаграждение по реестру №5 от 17.05.2024 в соответствии с Договором 89054178 от 27.01.2022
КонецДокумента
СекцияДокумент=Платежное поручение
Номер=885741
Дата=17.05.2024
Сумма=260000
ПлательщикСчет=40802810048000010947
ДатаСписано=17.05.2024
Плательщик=ИНДИВИДУАЛЬНЫЙ ПРЕДПРИНИМАТЕЛЬ НИКИТИН ВЯЧЕСЛАВ ВЯЧЕСЛАВОВИЧ
ПлательщикИНН=583509478600
ПлательщикКПП=
ПлательщикРасчСчет=40802810048000010947
ПлательщикБанк1=ПЕНЗЕНСКОЕ ОТДЕЛЕНИЕ N8624 ПАО СБЕРБАНК, г.Пенза
ПлательщикБИК=045655635
ПлательщикКорсчет=30101810000000000635
ПолучательСчет=
ДатаПоступило=
Получатель=ПАО Сбербанк
ПолучательИНН=7707083893
ПолучательКПП=773601001
ПолучательРасчСчет=
ПолучательБанк1=ПАО Сбербанк, г.Москва
ПолучательБИК=044525225
ПолучательКорсчет=30101810400000000225
ВидПлатежа=электронно
ВидОплаты=01
Код=0
СтатусСоставителя=
ПоказательКБК=
ОКАТО=
ПоказательОснования=
ПоказательПериода=
ПоказательНомера=
ПоказательДаты=
ПоказательТипа=
Очередность=3
НазначениеПлатежа=Денежное вознаграждение по реестру №4 от 17.05.2024 в соответствии с Договором 89054178 от 27.01.2022
КонецДокумента
СекцияДокумент=Банковский ордер
Номер=728373
Дата=20.05.2024
Сумма=796
ПлательщикСчет=40802810048000010947
ДатаСписано=20.05.2024
Плательщик=ИНДИВИДУАЛЬНЫЙ ПРЕДПРИНИМАТЕЛЬ НИКИТИН ВЯЧЕСЛАВ ВЯЧЕСЛАВОВИЧ
ПлательщикИНН=583509478600
ПлательщикКПП=
ПлательщикРасчСчет=40802810048000010947
ПлательщикБанк1=ПЕНЗЕНСКОЕ ОТДЕЛЕНИЕ N8624 ПАО СБЕРБАНК, г.Пенза
ПлательщикБИК=045655635
ПлательщикКорсчет=30101810000000000635
ПолучательСчет=70601810948002720302
ДатаПоступило=
Получатель=ПЕНЗЕНСКОЕ ОТДЕЛЕНИЕ N8624 ПАО СБЕРБАНК
ПолучательИНН=7707083893
ПолучательКПП=583402001
ПолучательРасчСчет=70601810948002720302
ПолучательБанк1=ПЕНЗЕНСКОЕ ОТДЕЛЕНИЕ N8624 ПАО СБЕРБАНК, г.Пенза
ПолучательБИК=045655635
ПолучательКорсчет=30101810000000000635
ВидПлатежа=0
ВидОплаты=17
Код=
СтатусСоставителя=
ПоказательКБК=
ОКАТО=
ПоказательОснования=
ПоказательПериода=
ПоказательНомера=
ПоказательДаты=
ПоказательТипа=
Очередность=5
НазначениеПлатежа=Комиссия в другие банки (кредитные организации, Банк России) за ПП/ПТ через ДБО согласно договору РКО №40802810048000010947 от '03/04/2019'. Документы:  Документ(ы):; от 20/05/24 №№: 47 (400000 RUR  ), 44 (5000
КонецДокумента
СекцияДокумент=Платежное поручение
Номер=44
Дата=20.05.2024
Сумма=50000
ПлательщикСчет=40802810048000010947
ДатаСписано=20.05.2024
Плательщик=ИНДИВИДУАЛЬНЫЙ ПРЕДПРИНИМАТЕЛЬ НИКИТИН ВЯЧЕСЛАВ ВЯЧЕСЛАВОВИЧ
ПлательщикИНН=583509478600
ПлательщикКПП=
ПлательщикРасчСчет=40802810048000010947
ПлательщикБанк1=ПЕНЗЕНСКОЕ ОТДЕЛЕНИЕ N8624 ПАО СБЕРБАНК, г.Пенза
ПлательщикБИК=045655635
ПлательщикКорсчет=30101810000000000635
ПолучательСчет=40702810800000007774
ДатаПоступило=
Получатель=ООО "ВЯТИЗЫСКАНИЯ"
ПолучательИНН=4345111559
ПолучательКПП=434501001
ПолучательРасчСчет=40702810800000007774
ПолучательБанк1=АО КБ "ХЛЫНОВ", г.Киров
ПолучательБИК=043304711
ПолучательКорсчет=30101810100000000711
ВидПлатежа=электронно
ВидОплаты=01
Код=
СтатусСоставителя=
ПоказательКБК=
ОКАТО=
ПоказательОснования=
ПоказательПериода=
ПоказательНомера=
ПоказательДаты=
ПоказательТипа=
Очередность=5
НазначениеПлатежа=Оплата по счету № 51 от 02 апреля 2024 г. по договору № 2611-23 от 26.07.2023 г. НДС не облагается.
КонецДокумента
СекцияДокумент=Платежное требование
Номер=759686
Дата=20.05.2024
Сумма=59836.07
ПлательщикСчет=40802810048000010947
ДатаСписано=20.05.2024
Плательщик=ИНДИВИДУАЛЬНЫЙ ПРЕДПРИНИМАТЕЛЬ НИКИТИН ВЯЧЕСЛАВ ВЯЧЕСЛАВОВИЧ
ПлательщикИНН=583509478600
ПлательщикКПП=
ПлательщикРасчСчет=40802810048000010947
ПлательщикБанк1=ПЕНЗЕНСКОЕ ОТДЕЛЕНИЕ N8624 ПАО СБЕРБАНК, г.Пенза
ПлательщикБИК=045655635
ПлательщикКорсчет=30101810000000000635
ПолучательСчет=30301810948003204400
ДатаПоступило=
Получатель=ПЕНЗЕНСКОЕ ОТДЕЛЕНИЕ N8624 ПАО СБЕРБАНК
ПолучательИНН=7707083893
ПолучательКПП=
ПолучательРасчСчет=30301810948003204400
ПолучательБанк1=ПЕНЗЕНСКОЕ ОТДЕЛЕНИЕ N8624 ПАО СБЕРБАНК, г.Пенза
ПолучательБИК=045655635
ПолучательКорсчет=30101810000000000635
ВидПлатежа=0
ВидОплаты=02
Код=
СтатусСоставителя=
ПоказательКБК=
ОКАТО=
ПоказательОснования=
ПоказательПериода=
ПоказательНомера=
ПоказательДаты=
ПоказательТипа=
Очередность=5
НазначениеПлатежа=Погашение задолженности по договору N 583509478600-23-8 от 18 мая 2023 г. клиент ИНДИВИДУАЛЬНЫЙ ПРЕДПРИНИМАТЕЛЬ НИКИТИН ВЯЧЕСЛАВ ВЯЧЕСЛАВОВИЧ
КонецДокумента
СекцияДокумент=Платежное поручение
Номер=45
Дата=20.05.2024
Сумма=76033.54
ПлательщикСчет=40802810048000010947
ДатаСписано=20.05.2024
Плательщик=ИНДИВИДУАЛЬНЫЙ ПРЕДПРИНИМАТЕЛЬ НИКИТИН ВЯЧЕСЛАВ ВЯЧЕСЛАВОВИЧ
ПлательщикИНН=583509478600
ПлательщикКПП=
ПлательщикРасчСчет=40802810048000010947
ПлательщикБанк1=ПЕНЗЕНСКОЕ ОТДЕЛЕНИЕ N8624 ПАО СБЕРБАНК, г.Пенза
ПлательщикБИК=045655635
ПлательщикКорсчет=30101810000000000635
ПолучательСчет=40702810403000005812
ДатаПоступило=
Получатель=ООО "ТНС ЭНЕРГО ПЕНЗА"
ПолучательИНН=7702743761
ПолучательКПП=583501001
ПолучательРасчСчет=40702810403000005812
ПолучательБанк1=Приволжский ф-л ПАО "Промсвязьбанк", г.Нижний Новгород
ПолучательБИК=042202803
ПолучательКорсчет=30101810700000000803
ВидПлатежа=электронно
ВидОплаты=01
Код=
СтатусСоставителя=
ПоказательКБК=
ОКАТО=
ПоказательОснования=
ПоказательПериода=
ПоказательНомера=
ПоказательДаты=
ПоказательТипа=
Очередность=5
НазначениеПлатежа=Оплата по договору № 9367 от 30.08.2019 г. за электроэнергию. В том числе НДС 20 % - 12672.26 рублей.
КонецДокумента
СекцияДокумент=Платежное требование
Номер=759674
Дата=20.05.2024
Сумма=149337.18
ПлательщикСчет=40802810048000010947
ДатаСписано=20.05.2024
Плательщик=ИНДИВИДУАЛЬНЫЙ ПРЕДПРИНИМАТЕЛЬ НИКИТИН ВЯЧЕСЛАВ ВЯЧЕСЛАВОВИЧ
ПлательщикИНН=583509478600
ПлательщикКПП=
ПлательщикРасчСчет=40802810048000010947
ПлательщикБанк1=ПЕНЗЕНСКОЕ ОТДЕЛЕНИЕ N8624 ПАО СБЕРБАНК, г.Пенза
ПлательщикБИК=045655635
ПлательщикКорсчет=30101810000000000635
ПолучательСчет=30301810948003204400
ДатаПоступило=
Получатель=ПЕНЗЕНСКОЕ ОТДЕЛЕНИЕ N8624 ПАО СБЕРБАНК
ПолучательИНН=7707083893
ПолучательКПП=
ПолучательРасчСчет=30301810948003204400
ПолучательБанк1=ПЕНЗЕНСКОЕ ОТДЕЛЕНИЕ N8624 ПАО СБЕРБАНК, г.Пенза
ПолучательБИК=045655635
ПолучательКорсчет=30101810000000000635
ВидПлатежа=0
ВидОплаты=02
Код=
СтатусСоставителя=
ПоказательКБК=
ОКАТО=
ПоказательОснования=
ПоказательПериода=
ПоказательНомера=
ПоказательДаты=
ПоказательТипа=
Очередность=5
НазначениеПлатежа=Погашение задолженности по договору N 583509478600-23-3 от 18 апреля 2023 г. клиент ИНДИВИДУАЛЬНЫЙ ПРЕДПРИНИМАТЕЛЬ НИКИТИН ВЯЧЕСЛАВ ВЯЧЕСЛАВОВИЧ
КонецДокумента
СекцияДокумент=Платежное поручение
Номер=47
Дата=20.05.2024
Сумма=400000
ПлательщикСчет=40802810048000010947
ДатаСписано=20.05.2024
Плательщик=ИНДИВИДУАЛЬНЫЙ ПРЕДПРИНИМАТЕЛЬ НИКИТИН ВЯЧЕСЛАВ ВЯЧЕСЛАВОВИЧ
ПлательщикИНН=583509478600
ПлательщикКПП=
ПлательщикРасчСчет=40802810048000010947
ПлательщикБанк1=ПЕНЗЕНСКОЕ ОТДЕЛЕНИЕ N8624 ПАО СБЕРБАНК, г.Пенза
ПлательщикБИК=045655635
ПлательщикКорсчет=30101810000000000635
ПолучательСчет=40802810503000037321
ДатаПоступило=
Получатель=ИП ЛЕБЕДЕВА СВЕТЛАНА ИВАНОВНА
ПолучательИНН=583602249193
ПолучательКПП=
ПолучательРасчСчет=40802810503000037321
ПолучательБанк1=Приволжский ф-л ПАО "Промсвязьбанк", г.Нижний Новгород
ПолучательБИК=042202803
ПолучательКорсчет=30101810700000000803
ВидПлатежа=электронно
ВидОплаты=01
Код=
СтатусСоставителя=
ПоказательКБК=
ОКАТО=
ПоказательОснования=
ПоказательПериода=
ПоказательНомера=
ПоказательДаты=
ПоказательТипа=
Очередность=5
НазначениеПлатежа=Оплата по счету №10 от 16.05.2024 г. (Р) НДС не облагается.
КонецДокумента
СекцияДокумент=Платежное поручение
Номер=46
Дата=20.05.2024
Сумма=450000
ПлательщикСчет=40802810048000010947
ДатаСписано=20.05.2024
Плательщик=ИНДИВИДУАЛЬНЫЙ ПРЕДПРИНИМАТЕЛЬ НИКИТИН ВЯЧЕСЛАВ ВЯЧЕСЛАВОВИЧ
ПлательщикИНН=583509478600
ПлательщикКПП=
ПлательщикРасчСчет=40802810048000010947
ПлательщикБанк1=ПЕНЗЕНСКОЕ ОТДЕЛЕНИЕ N8624 ПАО СБЕРБАНК, г.Пенза
ПлательщикБИК=045655635
ПлательщикКорсчет=30101810000000000635
ПолучательСчет=40802810503000037321
ДатаПоступило=
Получатель=ИП ЛЕБЕДЕВА СВЕТЛАНА ИВАНОВНА
ПолучательИНН=583602249193
ПолучательКПП=
ПолучательРасчСчет=40802810503000037321
ПолучательБанк1=Приволжский ф-л ПАО "Промсвязьбанк", г.Нижний Новгород
ПолучательБИК=042202803
ПолучательКорсчет=30101810700000000803
ВидПлатежа=электронно
ВидОплаты=01
Код=
СтатусСоставителя=
ПоказательКБК=
ОКАТО=
ПоказательОснования=
ПоказательПериода=
ПоказательНомера=
ПоказательДаты=
ПоказательТипа=
Очередность=5
НазначениеПлатежа=Оплата по счету №11 от 16.05.2024 г. (Н) НДС не облагается.
КонецДокумента
СекцияДокумент=Платежное поручение
Номер=987
Дата=20.05.2024
Сумма=1000000
ПлательщикСчет=40702810448000011196
ДатаСписано=
Плательщик=ООО "ВЭСТ"
ПлательщикИНН=5836684401
ПлательщикКПП=583701001
ПлательщикРасчСчет=40702810448000011196
ПлательщикБанк1=ПЕНЗЕНСКОЕ ОТДЕЛЕНИЕ N8624 ПАО СБЕРБАНК, г.Пенза
ПлательщикБИК=045655635
ПлательщикКорсчет=30101810000000000635
ПолучательСчет=40802810048000010947
ДатаПоступило=20.05.2024
Получатель=Индивидуальный предприниматель Никитин Вячеслав Вячеславович
ПолучательИНН=583509478600
ПолучательКПП=
ПолучательРасчСчет=40802810048000010947
ПолучательБанк1=ПЕНЗЕНСКОЕ ОТДЕЛЕНИЕ N8624 ПАО СБЕРБАНК, г.Пенза
ПолучательБИК=045655635
ПолучательКорсчет=30101810000000000635
ВидПлатежа=электронно
ВидОплаты=01
Код=
СтатусСоставителя=
ПоказательКБК=
ОКАТО=
ПоказательОснования=
ПоказательПериода=
ПоказательНомера=
ПоказательДаты=
ПоказательТипа=
Очередность=5
НазначениеПлатежа=Оплата за выполнение инж.-геодез. и инж.-геолог. изысканий на территории Кемеровской области по договору субподряда №К14-23/2066/СУБ от 29.06.2023г. НДС не облагается.
КонецДокумента
КонецФайла