1CClientBankExchange
ВерсияФормата=1.02
Кодировка=Windows
Отправитель=
Получатель=1С
ДатаСоздания=17.05.2024
ВремяСоздания=09:09:32
ДатаНачала=16.05.2024
ДатаКонца=16.05.2024
РасчСчет=40702810200280002687

СекцияРасчСчет
ДатаНачала=16.05.2024
ДатаКонца=16.05.2024
РасчСчет=40702810200280002687
НачальныйОстаток=174874.57
ВсегоПоступило=0.00
ВсегоСписано=0.00
КонечныйОстаток=174874.57
КонецРасчСчет
КонецФайла