1CClientBankExchange
ВерсияФормата=1.03
Кодировка=Windows
Отправитель=Альфа-Бизнес Онлайн
Получатель=
ДатаСоздания=23.05.2024
ВремяСоздания=08:55:31
ДатаНачала=20.05.2024
ДатаКонца=23.05.2024
РасчСчет=40702810829170002670

СекцияРасчСчет
ДатаНачала=20.05.2024
ДатаКонца=23.05.2024
РасчСчет=40702810829170002670
НачальныйОстаток=8330.41
ВсегоПоступило=0.00
ВсегоСписано=0.00
КонечныйОстаток=8330.41
КонецРасчСчет

КонецФайла

